txn_id,day,date_time,sort_code,account_from,business_individual,entity_id,channel,beneficiary,category,sort_code_to,account_to,country,currency,amount,_balance_
1911630000000.0,Wednesday,2020-01-01T12:17:08.08,02-51-87,1911631,Business,26598,Debit Card,"Clarke, Barrett, Chapman-Brown Ltd",Eating out,02-51-45,91110829,United Kingdom,GBP,-22.56,587.45
1911630000000.0,Thursday,2020-01-02T14:22:42.42,02-51-87,1911631,Business,14569,Debit Card,"Wood, Jones, Nicholls, Birch, Allen, Hartley, Warren, Lee and Thomas ",Clothing & Footwear,02-41-45,34908423,United Kingdom,GBP,-49.95,537.51
1911630000000.0,Thursday,2020-01-02T15:37:26.26,02-51-87,1911631,Business,43766,Mobile Payment,"Webb-Fraser, Brown, Wood, Archer and Williams Ltd",Expenses,02-31-87,97221623,United Kingdom,GBP,-54.98,482.53
1911630000000.0,Friday,2020-01-03T10:29:34.34,02-51-87,1911631,Business,10541,Debit Card,"Abbott, Turner, Bond, Joyce, Thomas, Fleming, Walker LLC",Clothing & Footwear,02-21-42,59308065,United Kingdom,GBP,-35.12,447.41
1911630000000.0,Monday,2020-01-06T08:58:08.08,02-51-87,1911631,Business,8433,Debit Card,"Davies, Hartley, Kerr, Phillips, Robertson-Gray Ltd",Shopping,02-31-45,39554381,United Kingdom,GBP,-22.98,424.43
1911630000000.0,Monday,2020-01-06T10:30:35.35,02-51-87,1911631,Business,167,Debit Card,"Naylor-Reed, Coles, Ford, Rhodes, Hanson, Clark and Hussain ",Shopping,02-51-74,10062809,United Kingdom,GBP,-16.53,407.9
1911630000000.0,Monday,2020-01-06T13:04:05.05,02-51-87,1911631,Business,25549,Debit Card,"Taylor-McCarthy, Martin, Harding, Marsh, Sykes, Daly and Richardson LLC",Groceries,02-20-87,72548747,United Kingdom,GBP,-33.87,374.03
1911630000000.0,Monday,2020-01-06T18:01:44.44,02-51-87,1911631,Business,1703,Direct Debit,"Read-Atkins, Hall, Goddard, Wallis, Evans, White and Nelson ",Entertainment,02-40-26,16777141,United Kingdom,GBP,-7.88,366.15
1911630000000.0,Tuesday,2020-01-07T09:40:02.02,02-51-87,1911631,Business,3304,Debit Card,"Wright, Crawford, Campbell, McCarthy, Carter, Douglas, Brown-Douglas LLC",Shopping,02-21-74,13556298,United Kingdom,GBP,-16.27,349.88
1911630000000.0,Tuesday,2020-01-07T14:01:49.49,02-51-87,1911631,Business,1703,Direct Debit,"Read-Atkins, Hall, Goddard, Wallis, Evans, White and Nelson ",Entertainment,02-40-26,16777141,United Kingdom,GBP,-6.19,343.68
1911630000000.0,Tuesday,2020-01-07T15:27:13.13,02-51-87,1911631,Business,39521,Debit Card,"O'Brien, Ford, Cook-Phillips ",Clothing & Footwear,02/11/1942,66880605,United Kingdom,GBP,-50.77,292.91
1911630000000.0,Tuesday,2020-01-07T16:07:24.24,02-51-87,1911631,Business,1613,Debit Card,"Gilbert, Crawford, Gray and Sons LLC",Shopping,02-41-42,60225609,United Kingdom,GBP,-15.59,277.33
1911630000000.0,Tuesday,2020-01-07T16:48:09.09,02-51-87,1911631,Business,26863,Debit Card,"Weston, Clarke, Walters-Austin ",Eating out,02-50-75,52560676,United Kingdom,GBP,-17.37,259.96
1911630000000.0,Wednesday,2020-01-08T12:43:03.03,02-51-87,1911631,Business,48206,Debit Card,"Lee, Davis-Baker, French-Winter ","Alcohol, narcotics, tabacco",02-41-87,11536016,United Kingdom,GBP,-9.79,250.17
1911630000000.0,Wednesday,2020-01-08T12:47:14.14,02-51-87,1911631,Business,8433,Debit Card,"Davies, Hartley, Kerr, Phillips, Robertson-Gray Ltd",Shopping,02-31-45,39554381,United Kingdom,GBP,-12.39,237.77
1911630000000.0,Wednesday,2020-01-08T13:04:22.22,02-51-87,1911631,Business,5361,Debit Card,"Taylor-Allen, Butler, Hodgson and Sons LLC",Expenses,02-21-87,89741435,United Kingdom,GBP,-97.76,140.01
1911630000000.0,Thursday,2020-01-09T08:51:04.04,02-51-87,1911631,Business,7982,Debit Card,"Nolan-Butler, James, Owen-Green LP",Shopping,02/11/1975,38137532,United Kingdom,GBP,-17.01,123.01
1911630000000.0,Thursday,2020-01-09T17:29:28.28,02-51-87,1911631,Business,24067,Debit Card,"Cox, Harvey, Cooper LLC",Groceries,02-40-87,82280001,United Kingdom,GBP,-103.65,19.36
1911630000000.0,Monday,2020-01-13T12:56:27.27,02-51-87,1911631,Business,600,Debit Card,"Murphy-Taylor, Jordan-Clark, Johnson, Davies and Francis Ltd",Transport,02-31-13,12469137,United Kingdom,GBP,-108.55,-89.19
1911630000000.0,Monday,2020-01-13T17:47:20.2,02-51-87,1911631,Business,20756,Direct Debit,"Scott, Blackburn, Coleman, Holden, Smith, Murphy, Jones-Harris GP",Income 1,02-31-87,28693416,United Kingdom,GBP,2955.85,2866.66
1911630000000.0,Monday,2020-01-13T19:07:24.24,02-51-87,1911631,Business,385,Direct Debit,"Reid, Ball, Berry, Tomlinson, Sykes-Lamb LLC",Bills,02/10/2028,52750937,United Kingdom,GBP,-161.18,2705.48
1911630000000.0,Tuesday,2020-01-14T14:08:01.01,02-51-87,1911631,Business,600,Debit Card,"Murphy-Taylor, Jordan-Clark, Johnson, Davies and Francis Ltd",Transport,02-31-13,12469137,United Kingdom,GBP,-100.64,2604.84
1911630000000.0,Wednesday,2020-01-15T11:32:47.47,02-51-87,1911631,Business,31463,Direct Debit,"Brady-Roberts, Collier, Stokes, Kennedy, Evans LLC",Communication,02-50-87,73613873,United Kingdom,GBP,-14.27,2590.58
1911630000000.0,Thursday,2020-01-16T13:08:24.24,02-51-87,1911631,Business,43766,Mobile Payment,"Webb-Fraser, Brown, Wood, Archer and Williams Ltd",Expenses,02-31-87,97221623,United Kingdom,GBP,-25.52,2565.06
1911630000000.0,Thursday,2020-01-16T18:51:33.33,02-51-87,1911631,Business,39894,Direct Debit,"Pearce-Russell, Watts, Wilson, Gibbs, Williams-Jones Ltd",Communication,02/10/1955,489960,United Kingdom,GBP,-22.11,2542.95
1911630000000.0,Monday,2020-01-20T15:14:50.5,02-51-87,1911631,Business,3597,Debit Card,"Martin, Foster, Mann, Hopkins-O'Neill, Cole ",Family,02-52-33,47292995,United Kingdom,GBP,-411.95,2131.0
1911630000000.0,Tuesday,2020-01-21T09:08:30.3,02-51-87,1911631,Business,6114,Debit Card,"Chadwick-Wright, Hunt-Jackson, Griffiths-James Ltd",Eating out,02-30-55,5610316,United Kingdom,GBP,-16.17,2114.84
1911630000000.0,Wednesday,2020-01-22T08:58:08.08,02-51-87,1911631,Business,5721,CASH,"Welch, Webb-Kelly, Pope ",General,02-13-67,86362647,United Kingdom,GBP,-60.0,2054.84
1911630000000.0,Wednesday,2020-01-22T11:16:57.57,02-51-87,1911631,Business,24067,Debit Card,"Cox, Harvey, Cooper LLC",Groceries,02-40-87,82280001,United Kingdom,GBP,-95.7,1959.13
1911630000000.0,Wednesday,2020-01-22T16:03:22.22,02-51-87,1911631,Business,6410,Debit Card,"Patel, Murray, Smith, Jones, Adams, Sinclair and Rice Ltd",Shopping,02-31-45,64695324,United Kingdom,GBP,-11.64,1947.49
1911630000000.0,Wednesday,2020-01-22T17:39:50.5,02-51-87,1911631,Business,7423,CASH,"Wilkinson, Watson, Armstrong, Henry-Moran, Baker, Thompson and Bond Ltd",General,02-13-67,54193610,United Kingdom,GBP,-40.0,1907.49
1911630000000.0,Thursday,2020-01-23T13:36:37.37,02-51-87,1911631,Business,14020,Mobile Payment,"Harvey, Dale-Yates, Foster, Price and Hewitt ",Expenses,02-31-87,32442850,United Kingdom,GBP,-23.48,1884.01
1911630000000.0,Sunday,2020-01-26T08:30:29.29,02-51-87,1911631,Business,7423,CASH,"Wilkinson, Watson, Armstrong, Henry-Moran, Baker, Thompson and Bond Ltd",General,02-13-67,54193610,United Kingdom,GBP,-40.0,1844.01
1911630000000.0,Monday,2020-01-27T14:58:08.08,02-51-87,1911631,Business,32485,Debit Card,"Richardson-Shah, Morgan, White, Smith, Cook, Yates and Burke ",Clothing & Footwear,02-51-74,23589889,United Kingdom,GBP,-50.6,1793.42
1911630000000.0,Monday,2020-01-27T17:14:21.21,02-51-87,1911631,Business,13117,Direct Debit,"Douglas, Barton, Gregory LLC",Entertainment,02-20-55,41970666,United Kingdom,GBP,-3.63,1789.79
1911630000000.0,Tuesday,2020-01-28T16:35:02.02,02-51-87,1911631,Business,20039,Debit Card,"Rogers, Webb, Hurst, Jackson, Taylor, Pope, Stokes and Sons LLP",Eating out,02-30-55,38090074,United Kingdom,GBP,-12.45,1777.34
1911630000000.0,Tuesday,2020-01-28T17:16:48.48,02-51-87,1911631,Business,25549,Debit Card,"Taylor-McCarthy, Martin, Harding, Marsh, Sykes, Daly and Richardson LLC",Groceries,02-20-87,72548747,United Kingdom,GBP,-53.88,1723.47
1911630000000.0,Thursday,2020-01-30T16:57:30.3,02-51-87,1911631,Business,42050,Debit Card,"Cook, Taylor, Price, Davies-Davis, Mason-Green LLC","Alcohol, narcotics, tabacco",02-51-74,26576742,United Kingdom,GBP,-11.67,1711.8
1911630000000.0,Friday,2020-01-31T08:39:16.16,02-51-87,1911631,Business,2129,Direct Debit,"Miah, Wright, Stephens, Morgan, Pearson, Brown, Matthews, Ford and Edwards Ltd",Mortgage / Rent,02-40-16,1375721,United Kingdom,GBP,-732.32,979.48
1911630000000.0,Friday,2020-01-31T13:21:56.56,02-51-87,1911631,Business,27007,CASH,"Lowe, Thomas-Brown, Lynch, Daly and Akhtar LLC",General,02-30-43,29531660,United Kingdom,GBP,-50.0,929.48
1911630000000.0,Monday,2020-02-03T12:44:47.47,02-51-87,1911631,Business,42580,Debit Card,"Bennett, Davies-Khan, Richardson ","Alcohol, narcotics, tabacco",02-20-75,24641522,United Kingdom,GBP,-10.24,919.23
1911630000000.0,Tuesday,2020-02-04T10:17:11.11,02-51-87,1911631,Business,33824,Direct Debit,"Griffin, O'Brien, Clark, McDonald-Patel, Smith-Moore ",Entertainment,02-53-67,56426156,United Kingdom,GBP,-5.29,913.94
1911630000000.0,Tuesday,2020-02-04T17:05:00,02-51-87,1911631,Business,7423,CASH,"Wilkinson, Watson, Armstrong, Henry-Moran, Baker, Thompson and Bond Ltd",General,02-13-67,54193610,United Kingdom,GBP,-80.0,833.94
1911630000000.0,Tuesday,2020-02-04T18:07:12.12,02-51-87,1911631,Business,31463,Direct Debit,"Brady-Roberts, Collier, Stokes, Kennedy, Evans LLC",Communication,02-50-87,73613873,United Kingdom,GBP,-27.23,806.71
1911630000000.0,Thursday,2020-02-06T09:03:19.19,02-51-87,1911631,Business,19808,Mobile Payment,"Hawkins, Fletcher, Richards, Elliott, Burke, Riley and Dobson LLC",Expenses,02-31-87,8273441,United Kingdom,GBP,-64.52,742.19
1911630000000.0,Thursday,2020-02-06T10:39:22.22,02-51-87,1911631,Business,1613,Debit Card,"Gilbert, Crawford, Gray and Sons LLC",Shopping,02-41-42,60225609,United Kingdom,GBP,-44.0,698.19
1911630000000.0,Thursday,2020-02-06T13:31:18.18,02-51-87,1911631,Business,2852,Debit Card,"Thompson-Lee, Bates, Smith-Griffiths Ltd",Shopping,02-41-74,1643687,United Kingdom,GBP,-34.52,663.67
1911630000000.0,Thursday,2020-02-06T18:08:30.3,02-51-87,1911631,Business,385,Direct Debit,"Reid, Ball, Berry, Tomlinson, Sykes-Lamb LLC",Bills,02/10/2028,52750937,United Kingdom,GBP,-231.7,431.97
1911630000000.0,Friday,2020-02-07T11:13:38.38,02-51-87,1911631,Business,14020,Mobile Payment,"Harvey, Dale-Yates, Foster, Price and Hewitt ",Expenses,02-31-87,32442850,United Kingdom,GBP,-27.3,404.67
1911630000000.0,Friday,2020-02-07T17:29:11.11,02-51-87,1911631,Business,46976,Debit Card,"Ross, Weston-Patel, Ball Ltd",Eating out,02-20-55,6649485,United Kingdom,GBP,-11.58,393.09
1911630000000.0,Sunday,2020-02-09T16:51:19.19,02-51-87,1911631,Business,7423,CASH,"Wilkinson, Watson, Armstrong, Henry-Moran, Baker, Thompson and Bond Ltd",General,02-13-67,54193610,United Kingdom,GBP,-90.0,303.09
1911630000000.0,Monday,2020-02-10T08:45:19.19,02-51-87,1911631,Business,24067,Debit Card,"Cox, Harvey, Cooper LLC",Groceries,02-40-87,82280001,United Kingdom,GBP,-41.16,261.94
1911630000000.0,Monday,2020-02-10T09:25:29.29,02-51-87,1911631,Business,19683,Debit Card,"Miles, Akhtar, Connolly, Cartwright and Nicholls ",Clothing & Footwear,02-21-45,43905070,United Kingdom,GBP,-50.08,211.86
1911630000000.0,Wednesday,2020-02-12T17:51:04.04,02-51-87,1911631,Business,20756,Direct Debit,"Scott, Blackburn, Coleman, Holden, Smith, Murphy, Jones-Harris GP",Income 1,02-31-87,28693416,United Kingdom,GBP,2627.32,2839.18
1911630000000.0,Thursday,2020-02-13T14:16:48.48,02-51-87,1911631,Business,25549,Debit Card,"Taylor-McCarthy, Martin, Harding, Marsh, Sykes, Daly and Richardson LLC",Groceries,02-20-87,72548747,United Kingdom,GBP,-51.32,2787.86
1911630000000.0,Friday,2020-02-14T14:29:02.02,02-51-87,1911631,Business,22974,Debit Card,"Read, Pratt, Carroll, Jenkins, Morris, Brown and Brown Ltd",Expenses,02/11/1987,55360008,United Kingdom,GBP,-64.84,2723.02
1911630000000.0,Friday,2020-02-14T16:14:53.53,02-51-87,1911631,Business,41193,Debit Card,"Wright, Mitchell-Watkins, Buckley, O'Neill and Williams LLC","Alcohol, narcotics, tabacco",02-21-45,12229137,United Kingdom,GBP,-4.8,2718.22
1911630000000.0,Monday,2020-02-17T10:36:03.03,02-51-87,1911631,Business,600,Debit Card,"Murphy-Taylor, Jordan-Clark, Johnson, Davies and Francis Ltd",Transport,02-31-13,12469137,United Kingdom,GBP,-99.97,2618.26
1911630000000.0,Monday,2020-02-17T15:04:02.02,02-51-87,1911631,Business,39894,Direct Debit,"Pearce-Russell, Watts, Wilson, Gibbs, Williams-Jones Ltd",Communication,02/10/1955,489960,United Kingdom,GBP,-25.65,2592.61
1911630000000.0,Monday,2020-02-17T15:25:55.55,02-51-87,1911631,Business,37302,Debit Card,"Patel, Begum-Russell, Willis Ltd",Clothing & Footwear,02-51-75,38461522,United Kingdom,GBP,-38.52,2554.09
1911630000000.0,Monday,2020-02-17T15:37:35.35,02-51-87,1911631,Business,45558,Direct Debit,"Hooper, Brown, Henry and Sons ",Entertainment,02-23-67,3422356,United Kingdom,GBP,-3.11,2550.98
1911630000000.0,Tuesday,2020-02-18T15:02:36.36,02-51-87,1911631,Business,1613,Debit Card,"Gilbert, Crawford, Gray and Sons LLC",Shopping,02-41-42,60225609,United Kingdom,GBP,-27.81,2523.17
1911630000000.0,Wednesday,2020-02-19T09:49:32.32,02-51-87,1911631,Business,955,Debit Card,"Hill-Wilson, Benson, Brown, Jones, Brookes, Jones and Winter Ltd",Eating out,02-50-55,98543159,United Kingdom,GBP,-28.48,2494.69
1911630000000.0,Thursday,2020-02-20T14:54:40.4,02-51-87,1911631,Business,43041,Debit Card,"Warner, Douglas, Richards-Thompson LLC",Eating out,02-31-75,70902214,United Kingdom,GBP,-14.27,2480.43
1911630000000.0,Friday,2020-02-21T08:52:13.13,02-51-87,1911631,Business,14020,Mobile Payment,"Harvey, Dale-Yates, Foster, Price and Hewitt ",Expenses,02-31-87,32442850,United Kingdom,GBP,-39.07,2441.36
1911630000000.0,Friday,2020-02-21T10:49:52.52,02-51-87,1911631,Business,24067,Debit Card,"Cox, Harvey, Cooper LLC",Groceries,02-40-87,82280001,United Kingdom,GBP,-66.94,2374.42
1911630000000.0,Friday,2020-02-21T18:59:28.28,02-51-87,1911631,Business,7201,Debit Card,"Roberts, Nicholson, Moore, Conway-Hill, Wilson, Walker and Evans ",Family,02-30-27,38796033,United Kingdom,GBP,-193.14,2181.29
1911630000000.0,Sunday,2020-02-23T16:10:25.25,02-51-87,1911631,Business,5721,CASH,"Welch, Webb-Kelly, Pope ",General,02-13-67,86362647,United Kingdom,GBP,-10.0,2171.29
1911630000000.0,Monday,2020-02-24T11:13:38.38,02-51-87,1911631,Business,25549,Debit Card,"Taylor-McCarthy, Martin, Harding, Marsh, Sykes, Daly and Richardson LLC",Groceries,02-20-87,72548747,United Kingdom,GBP,-137.43,2033.86
1911630000000.0,Monday,2020-02-24T13:27:16.16,02-51-87,1911631,Business,12108,Debit Card,"Bryant, Holmes, Harris, Roberts, Wright ",Clothing & Footwear,02/11/1974,34375545,United Kingdom,GBP,-34.57,1999.29
1911630000000.0,Monday,2020-02-24T13:39:56.56,02-51-87,1911631,Business,35626,Debit Card,"Hopkins, Brennan, Bailey, Read, Jackson-Holmes Ltd",Expenses,02-41-87,85871603,United Kingdom,GBP,-56.96,1942.33
1911630000000.0,Monday,2020-02-24T15:46:39.39,02-51-87,1911631,Business,600,Debit Card,"Murphy-Taylor, Jordan-Clark, Johnson, Davies and Francis Ltd",Transport,02-31-13,12469137,United Kingdom,GBP,-115.82,1826.52
1911630000000.0,Monday,2020-02-24T15:58:28.28,02-51-87,1911631,Business,29325,Debit Card,"Roberts-Ward, Willis, White, Barker and Perry LLC",Clothing & Footwear,02/11/1945,52755092,United Kingdom,GBP,-33.34,1793.17
1911630000000.0,Tuesday,2020-02-25T10:32:27.27,02-51-87,1911631,Business,26313,Debit Card,"Brookes-Dobson, Rogers, Anderson, Wright and Porter Ltd",Expenses,02-21-87,24139390,United Kingdom,GBP,-29.16,1764.02
1911630000000.0,Tuesday,2020-02-25T12:10:39.39,02-51-87,1911631,Business,5721,CASH,"Welch, Webb-Kelly, Pope ",General,02-13-67,86362647,United Kingdom,GBP,-130.0,1634.02
1911630000000.0,Tuesday,2020-02-25T12:11:48.48,02-51-87,1911631,Business,15221,Debit Card,"Henderson, James, Khan and Sons ",Family,02-52-80,60943862,United Kingdom,GBP,-35.35,1598.67
1911630000000.0,Tuesday,2020-02-25T13:03:30.3,02-51-87,1911631,Business,45236,Debit Card,"Carr-Stevenson, Thomson-Morris, Jackson and Sons Ltd","Alcohol, narcotics, tabacco",02-50-75,64720566,United Kingdom,GBP,-6.69,1591.98
1911630000000.0,Wednesday,2020-02-26T12:58:36.36,02-51-87,1911631,Business,45574,Debit Card,"Fox-Smith, Short-Simpson, Bennett, Brown and Hudson LLC",Eating out,02-41-75,95547233,United Kingdom,GBP,-12.43,1579.55
1911630000000.0,Wednesday,2020-02-26T13:01:29.29,02-51-87,1911631,Business,20253,Mobile Payment,"Gilbert, Gallagher, Ahmed, Davies, Poole-Austin ",Expenses,02-41-87,51147265,United Kingdom,GBP,-34.07,1545.48
1911630000000.0,Wednesday,2020-02-26T15:31:06.06,02-51-87,1911631,Business,22974,Debit Card,"Read, Pratt, Carroll, Jenkins, Morris, Brown and Brown Ltd",Expenses,02/11/1987,55360008,United Kingdom,GBP,-57.82,1487.66
1911630000000.0,Wednesday,2020-02-26T18:31:49.49,02-51-87,1911631,Business,504,Debit Card,"Walters, Bowen, Khan, Bell, Patel, Smith, Ahmed, Pearce and Webb ",Shopping,02-50-75,10806069,United Kingdom,GBP,-32.5,1455.16
1911630000000.0,Friday,2020-02-28T14:13:38.38,02-51-87,1911631,Business,33824,Direct Debit,"Griffin, O'Brien, Clark, McDonald-Patel, Smith-Moore ",Entertainment,02-53-67,56426156,United Kingdom,GBP,-4.39,1450.78
1911630000000.0,Friday,2020-02-28T14:24:35.35,02-51-87,1911631,Business,2129,Direct Debit,"Miah, Wright, Stephens, Morgan, Pearson, Brown, Matthews, Ford and Edwards Ltd",Mortgage / Rent,02-40-16,1375721,United Kingdom,GBP,-687.95,762.83
1911630000000.0,Tuesday,2020-03-03T08:51:13.13,02-51-87,1911631,Business,385,Direct Debit,"Reid, Ball, Berry, Tomlinson, Sykes-Lamb LLC",Bills,02/10/2028,52750937,United Kingdom,GBP,-168.9,593.93
1911630000000.0,Tuesday,2020-03-03T11:47:11.11,02-51-87,1911631,Business,1758,Debit Card,"Jones, Ali, Carroll, Barker, Ahmed-Humphries ",Shopping,02-51-75,35458455,United Kingdom,GBP,-22.23,571.69
1911630000000.0,Tuesday,2020-03-03T13:44:41.41,02-51-87,1911631,Business,10298,Debit Card,"Jones, Mahmood, Barber Co",Clothing & Footwear,02-50-90,33084215,United Kingdom,GBP,-46.35,525.35
1911630000000.0,Tuesday,2020-03-03T17:26:27.27,02-51-87,1911631,Business,27007,CASH,"Lowe, Thomas-Brown, Lynch, Daly and Akhtar LLC",General,02-30-43,29531660,United Kingdom,GBP,-40.0,485.35
1911630000000.0,Thursday,2020-03-05T10:53:20.2,02-51-87,1911631,Individual,478217,Electronic Funds Transfer,Dean Mann,Loan,02/11/1942,22355018,United Kingdom,GBP,400.0,885.35
1911630000000.0,Thursday,2020-03-05T15:39:27.27,02-51-87,1911631,Business,20253,Mobile Payment,"Gilbert, Gallagher, Ahmed, Davies, Poole-Austin ",Expenses,02-41-87,51147265,United Kingdom,GBP,-30.14,855.2
1911630000000.0,Monday,2020-03-09T09:14:41.41,02-51-87,1911631,Business,25549,Debit Card,"Taylor-McCarthy, Martin, Harding, Marsh, Sykes, Daly and Richardson LLC",Groceries,02-20-87,72548747,United Kingdom,GBP,-110.85,744.36
1911630000000.0,Monday,2020-03-09T18:27:30.3,02-51-87,1911631,Business,27007,CASH,"Lowe, Thomas-Brown, Lynch, Daly and Akhtar LLC",General,02-30-43,29531660,United Kingdom,GBP,-20.0,724.36
1911630000000.0,Tuesday,2020-03-10T15:46:31.31,02-51-87,1911631,Business,26598,Debit Card,"Clarke, Barrett, Chapman-Brown Ltd",Eating out,02-51-45,91110829,United Kingdom,GBP,-13.37,710.99
1911630000000.0,Wednesday,2020-03-11T12:46:05.05,02-51-87,1911631,Business,5361,Debit Card,"Taylor-Allen, Butler, Hodgson and Sons LLC",Expenses,02-21-87,89741435,United Kingdom,GBP,-17.15,693.85
1911630000000.0,Thursday,2020-03-12T10:07:24.24,02-51-87,1911631,Business,27007,CASH,"Lowe, Thomas-Brown, Lynch, Daly and Akhtar LLC",General,02-30-43,29531660,United Kingdom,GBP,-40.0,653.85
1911630000000.0,Thursday,2020-03-12T17:06:35.35,02-51-87,1911631,Business,20756,Direct Debit,"Scott, Blackburn, Coleman, Holden, Smith, Murphy, Jones-Harris GP",Income 1,02-31-87,28693416,United Kingdom,GBP,2666.99,3320.84
1911630000000.0,Friday,2020-03-13T11:01:41.41,02-51-87,1911631,Business,27007,CASH,"Lowe, Thomas-Brown, Lynch, Daly and Akhtar LLC",General,02-30-43,29531660,United Kingdom,GBP,-30.0,3290.84
1911630000000.0,Friday,2020-03-13T14:35:40.4,02-51-87,1911631,Business,7423,CASH,"Wilkinson, Watson, Armstrong, Henry-Moran, Baker, Thompson and Bond Ltd",General,02-13-67,54193610,United Kingdom,GBP,-10.0,3280.84
1911630000000.0,Friday,2020-03-13T15:03:10.1,02-51-87,1911631,Business,24067,Debit Card,"Cox, Harvey, Cooper LLC",Groceries,02-40-87,82280001,United Kingdom,GBP,-144.6,3136.24
1911630000000.0,Monday,2020-03-16T13:58:05.05,02-51-87,1911631,Individual,478217,Electronic Funds Transfer,Dean Mann,Loan,02/11/1942,22355018,United Kingdom,GBP,-250.0,2886.24
1911630000000.0,Monday,2020-03-16T15:08:12.12,02-51-87,1911631,Business,42449,Debit Card,"Hunter-Murray, Johnson-Marshall, Walton, Williamson and Foster ","Alcohol, narcotics, tabacco",02-51-75,25858212,United Kingdom,GBP,-4.63,2881.61
1911630000000.0,Monday,2020-03-16T15:56:01.01,02-51-87,1911631,Business,40023,Debit Card,"Lee-Edwards, Weston-Cooper, Collins, Jones and Griffiths LLC","Alcohol, narcotics, tabacco",02-21-45,60550911,United Kingdom,GBP,-5.39,2876.22
1911630000000.0,Monday,2020-03-16T18:09:48.48,02-51-87,1911631,Business,19808,Mobile Payment,"Hawkins, Fletcher, Richards, Elliott, Burke, Riley and Dobson LLC",Expenses,02-31-87,8273441,United Kingdom,GBP,-10.39,2865.82
1911630000000.0,Monday,2020-03-16T18:16:42.42,02-51-87,1911631,Business,43480,Debit Card,"Barrett-Henry, Dixon, Thomson, Davies, Gray-Cooper Ltd","Alcohol, narcotics, tabacco",02-31-75,64643708,United Kingdom,GBP,-5.79,2860.03
1911630000000.0,Tuesday,2020-03-17T11:59:43.43,02-51-87,1911631,Business,45558,Direct Debit,"Hooper, Brown, Henry and Sons ",Entertainment,02-23-67,3422356,United Kingdom,GBP,-5.18,2854.86
1911630000000.0,Tuesday,2020-03-17T16:18:55.55,02-51-87,1911631,Business,1686,Direct Debit,"Hall, Hill, French, Barker, Peters-Brown ",Entertainment,02/10/1943,25721884,United Kingdom,GBP,-3.49,2851.37
1911630000000.0,Tuesday,2020-03-17T16:44:24.24,02-51-87,1911631,Business,39894,Direct Debit,"Pearce-Russell, Watts, Wilson, Gibbs, Williams-Jones Ltd",Communication,02/10/1955,489960,United Kingdom,GBP,-12.23,2839.14
1911630000000.0,Tuesday,2020-03-17T17:03:50.5,02-51-87,1911631,Business,5721,CASH,"Welch, Webb-Kelly, Pope ",General,02-13-67,86362647,United Kingdom,GBP,-10.0,2829.14
1911630000000.0,Tuesday,2020-03-17T17:15:48.48,02-51-87,1911631,Business,39894,Direct Debit,"Pearce-Russell, Watts, Wilson, Gibbs, Williams-Jones Ltd",Communication,02/10/1955,489960,United Kingdom,GBP,-23.61,2805.53
1911630000000.0,Wednesday,2020-03-18T09:20:44.44,02-51-87,1911631,Business,7201,Debit Card,"Roberts, Nicholson, Moore, Conway-Hill, Wilson, Walker and Evans ",Family,02-30-27,38796033,United Kingdom,GBP,-195.34,2610.2
1911630000000.0,Wednesday,2020-03-18T09:46:13.13,02-51-87,1911631,Business,44993,Debit Card,"Moore, Holmes, Edwards, Barlow, Bradley, Kelly, Hunt LLC",Eating out,02-40-55,30845090,United Kingdom,GBP,-33.3,2576.9
1911630000000.0,Wednesday,2020-03-18T11:01:06.06,02-51-87,1911631,Business,2852,Debit Card,"Thompson-Lee, Bates, Smith-Griffiths Ltd",Shopping,02-41-74,1643687,United Kingdom,GBP,-41.68,2535.22
1911630000000.0,Monday,2020-04-06T18:33:33.33,02-51-87,1911631,Business,24067,Debit Card,"Cox, Harvey, Cooper LLC",Groceries,02-40-87,82280001,United Kingdom,GBP,-107.95,117.85
1911630000000.0,Thursday,2020-03-19T13:04:48.48,02-51-87,1911631,Business,600,Debit Card,"Murphy-Taylor, Jordan-Clark, Johnson, Davies and Francis Ltd",Transport,02-31-13,12469137,United Kingdom,GBP,-110.67,2424.55
1911630000000.0,Thursday,2020-03-19T17:23:34.34,02-51-87,1911631,Business,27007,CASH,"Lowe, Thomas-Brown, Lynch, Daly and Akhtar LLC",General,02-30-43,29531660,United Kingdom,GBP,-10.0,2414.55
1911630000000.0,Thursday,2020-03-19T18:29:05.05,02-51-87,1911631,Business,33538,Debit Card,"Slater-Harris, Peters, Barton, Simpson, Bull LLC",Expenses,02-51-87,105326,United Kingdom,GBP,-38.0,2376.55
1911630000000.0,Friday,2020-03-20T10:22:57.57,02-51-87,1911631,Business,22974,Debit Card,"Read, Pratt, Carroll, Jenkins, Morris, Brown and Brown Ltd",Expenses,02/11/1987,55360008,United Kingdom,GBP,-7.31,2369.25
1911630000000.0,Friday,2020-03-20T18:34:08.08,02-51-87,1911631,Business,47990,Debit Card,"Carter, Baxter, Scott, Shaw-Storey, Clarke-Cole LLC",Eating out,02-50-55,42822692,United Kingdom,GBP,-11.52,2357.73
1911630000000.0,Monday,2020-03-23T08:37:41.41,02-51-87,1911631,Business,43766,Mobile Payment,"Webb-Fraser, Brown, Wood, Archer and Williams Ltd",Expenses,02-31-87,97221623,United Kingdom,GBP,-32.55,2325.18
1911630000000.0,Monday,2020-03-23T12:02:18.18,02-51-87,1911631,Business,9969,Mobile Payment,"Thomas, Hart, Wright, Jones, Mills and Sons ",Expenses,02-51-87,29552053,United Kingdom,GBP,-16.11,2309.07
1911630000000.0,Monday,2020-03-23T15:12:49.49,02-51-87,1911631,Business,10298,Debit Card,"Jones, Mahmood, Barber Co",Clothing & Footwear,02-50-90,33084215,United Kingdom,GBP,-59.7,2249.38
1911630000000.0,Monday,2020-03-23T17:55:06.06,02-51-87,1911631,Business,30895,Debit Card,"Douglas, Murray, Dixon, Waters and Shah LLC",Clothing & Footwear,02/11/1945,29690132,United Kingdom,GBP,-60.1,2189.28
1911630000000.0,Tuesday,2020-03-24T15:49:06.06,02-51-87,1911631,Business,24067,Debit Card,"Cox, Harvey, Cooper LLC",Groceries,02-40-87,82280001,United Kingdom,GBP,-140.56,2048.72
1911630000000.0,Tuesday,2020-03-24T17:53:40.4,02-51-87,1911631,Business,7480,Debit Card,"Murray, Williams, Nelson, James and Metcalfe LLC",Shopping,02-41-45,71070884,United Kingdom,GBP,-36.86,2011.87
1911630000000.0,Tuesday,2020-03-24T18:34:34.34,02-51-87,1911631,Business,3597,Debit Card,"Martin, Foster, Mann, Hopkins-O'Neill, Cole ",Family,02-52-33,47292995,United Kingdom,GBP,-149.1,1862.77
1911630000000.0,Wednesday,2020-03-25T12:38:36.36,02-51-87,1911631,Business,45558,Direct Debit,"Hooper, Brown, Henry and Sons ",Entertainment,02-23-67,3422356,United Kingdom,GBP,-5.32,1857.45
1911630000000.0,Wednesday,2020-03-25T12:52:08.08,02-51-87,1911631,Business,7423,CASH,"Wilkinson, Watson, Armstrong, Henry-Moran, Baker, Thompson and Bond Ltd",General,02-13-67,54193610,United Kingdom,GBP,-30.0,1827.45
1911630000000.0,Wednesday,2020-03-25T14:14:56.56,02-51-87,1911631,Business,3405,Debit Card,"Haynes-Bates, Allan-Johnson, Craig Ltd",Eating out,02-21-45,50909289,United Kingdom,GBP,-22.24,1805.21
1911630000000.0,Thursday,2020-03-26T12:24:20.2,02-51-87,1911631,Business,20253,Mobile Payment,"Gilbert, Gallagher, Ahmed, Davies, Poole-Austin ",Expenses,02-41-87,51147265,United Kingdom,GBP,-30.92,1774.29
1911630000000.0,Thursday,2020-03-26T15:27:48.48,02-51-87,1911631,Business,22974,Debit Card,"Read, Pratt, Carroll, Jenkins, Morris, Brown and Brown Ltd",Expenses,02/11/1987,55360008,United Kingdom,GBP,-26.52,1747.77
1911630000000.0,Friday,2020-03-27T10:37:21.21,02-51-87,1911631,Business,24067,Debit Card,"Cox, Harvey, Cooper LLC",Groceries,02-40-87,82280001,United Kingdom,GBP,-118.68,1629.09
1911630000000.0,Friday,2020-03-27T11:22:51.51,02-51-87,1911631,Business,33538,Debit Card,"Slater-Harris, Peters, Barton, Simpson, Bull LLC",Expenses,02-51-87,105326,United Kingdom,GBP,-27.75,1601.34
1911630000000.0,Friday,2020-03-27T14:06:52.52,02-51-87,1911631,Business,9969,Mobile Payment,"Thomas, Hart, Wright, Jones, Mills and Sons ",Expenses,02-51-87,29552053,United Kingdom,GBP,-10.88,1590.46
1911630000000.0,Monday,2020-03-30T10:14:18.18,02-51-87,1911631,Business,9969,Mobile Payment,"Thomas, Hart, Wright, Jones, Mills and Sons ",Expenses,02-51-87,29552053,United Kingdom,GBP,-25.5,1564.96
1911630000000.0,Monday,2020-03-30T14:02:15.15,02-51-87,1911631,Business,36946,Debit Card,"Lee-Harvey, Lee, Phillips-Sinclair ",Clothing & Footwear,02-51-87,59538394,United Kingdom,GBP,-56.63,1508.33
1911630000000.0,Monday,2020-03-30T15:52:34.34,02-51-87,1911631,Business,10357,Direct Debit,"Greenwood, Carpenter, Marsh-Hunt ",Entertainment,02-53-67,27730255,United Kingdom,GBP,-5.47,1502.86
1911630000000.0,Monday,2020-03-30T16:55:03.03,02-51-87,1911631,Business,14020,Mobile Payment,"Harvey, Dale-Yates, Foster, Price and Hewitt ",Expenses,02-31-87,32442850,United Kingdom,GBP,-27.01,1475.85
1911630000000.0,Tuesday,2020-03-31T14:15:04.04,02-51-87,1911631,Business,600,Debit Card,"Murphy-Taylor, Jordan-Clark, Johnson, Davies and Francis Ltd",Transport,02-31-13,12469137,United Kingdom,GBP,-97.02,1378.83
1911630000000.0,Tuesday,2020-03-31T14:15:22.22,02-51-87,1911631,Business,2129,Direct Debit,"Miah, Wright, Stephens, Morgan, Pearson, Brown, Matthews, Ford and Edwards Ltd",Mortgage / Rent,02-40-16,1375721,United Kingdom,GBP,-706.49,672.34
1911630000000.0,Tuesday,2020-03-31T14:37:41.41,02-51-87,1911631,Business,3137,Debit Card,"Moss, Morgan-Roberts, Jenkins, Turner and Cooper LLC",Shopping,02-51-74,68902758,United Kingdom,GBP,-25.85,646.5
1911630000000.0,Wednesday,2020-04-01T08:35:14.14,02-51-87,1911631,Business,32808,Debit Card,"Smith, Brown, Lawson, Thomas, Howe, Barber and Barker LLC",Clothing & Footwear,02-21-45,52709579,United Kingdom,GBP,-40.02,606.48
1911630000000.0,Wednesday,2020-04-01T10:12:17.17,02-51-87,1911631,Business,36019,Mobile Payment,"White-Hale, Power-Adams, Baldwin ",Expenses,02-21-87,46359739,United Kingdom,GBP,-21.03,585.45
1911630000000.0,Wednesday,2020-04-01T11:50:56.56,02-51-87,1911631,Business,15221,Debit Card,"Henderson, James, Khan and Sons ",Family,02-52-80,60943862,United Kingdom,GBP,-110.58,474.87
1911630000000.0,Wednesday,2020-04-01T16:03:04.04,02-51-87,1911631,Business,31463,Direct Debit,"Brady-Roberts, Collier, Stokes, Kennedy, Evans LLC",Communication,02-50-87,73613873,United Kingdom,GBP,-22.36,452.51
1911630000000.0,Wednesday,2020-04-01T17:57:42.42,02-51-87,1911631,Business,46976,Debit Card,"Ross, Weston-Patel, Ball Ltd",Eating out,02-20-55,6649485,United Kingdom,GBP,-22.63,429.88
1911630000000.0,Wednesday,2020-04-01T18:55:35.35,02-51-87,1911631,Business,22974,Debit Card,"Read, Pratt, Carroll, Jenkins, Morris, Brown and Brown Ltd",Expenses,02/11/1987,55360008,United Kingdom,GBP,-45.12,384.76
1911630000000.0,Monday,2020-04-06T09:32:07.07,02-51-87,1911631,Business,24067,Debit Card,"Cox, Harvey, Cooper LLC",Groceries,02-40-87,82280001,United Kingdom,GBP,-51.01,333.76
1911630000000.0,Monday,2020-04-06T09:43:03.03,02-51-87,1911631,Business,41193,Debit Card,"Wright, Mitchell-Watkins, Buckley, O'Neill and Williams LLC","Alcohol, narcotics, tabacco",02-21-45,12229137,United Kingdom,GBP,-11.93,321.83
1911630000000.0,Monday,2020-04-06T12:15:07.07,02-51-87,1911631,Business,33538,Debit Card,"Slater-Harris, Peters, Barton, Simpson, Bull LLC",Expenses,02-51-87,105326,United Kingdom,GBP,-53.05,268.78
1911630000000.0,Monday,2020-04-06T15:19:00,02-51-87,1911631,Business,167,Debit Card,"Naylor-Reed, Coles, Ford, Rhodes, Hanson, Clark and Hussain ",Shopping,02-51-74,10062809,United Kingdom,GBP,-40.82,227.96
1911630000000.0,Monday,2020-04-06T16:03:39.39,02-51-87,1911631,Business,33824,Direct Debit,"Griffin, O'Brien, Clark, McDonald-Patel, Smith-Moore ",Entertainment,02-53-67,56426156,United Kingdom,GBP,-2.17,225.8
1911630000000.0,Tuesday,2020-04-07T08:49:03.03,02-51-87,1911631,Business,29014,Debit Card,"Morris, Reynolds, Perry, Hughes, Perry ",Clothing & Footwear,02-30-90,27129677,United Kingdom,GBP,-31.09,86.76
1911630000000.0,Tuesday,2020-04-07T09:13:15.15,02-51-87,1911631,Business,19420,Debit Card,"Williams-Lowe, Chadwick-Clarke, Daly, Goodwin and White ",Clothing & Footwear,02-31-74,79028331,United Kingdom,GBP,-49.69,37.06
1911630000000.0,Tuesday,2020-04-07T15:20:44.44,02-51-87,1911631,Business,5721,CASH,"Welch, Webb-Kelly, Pope ",General,02-13-67,86362647,United Kingdom,GBP,-50.0,-12.94
1911630000000.0,Tuesday,2020-04-07T18:32:24.24,02-51-87,1911631,Business,33538,Debit Card,"Slater-Harris, Peters, Barton, Simpson, Bull LLC",Expenses,02-51-87,105326,United Kingdom,GBP,-53.52,-66.45
1911630000000.0,Tuesday,2020-04-07T18:34:56.56,02-51-87,1911631,Individual,478217,Electronic Funds Transfer,Dean Mann,Loan,02/11/1942,22355018,United Kingdom,GBP,400.0,333.55
1911630000000.0,Wednesday,2020-04-08T19:05:48.48,02-51-87,1911631,Business,19808,Mobile Payment,"Hawkins, Fletcher, Richards, Elliott, Burke, Riley and Dobson LLC",Expenses,02-31-87,8273441,United Kingdom,GBP,-23.76,309.79
1911630000000.0,Thursday,2020-04-09T08:55:15.15,02-51-87,1911631,Business,27007,CASH,"Lowe, Thomas-Brown, Lynch, Daly and Akhtar LLC",General,02-30-43,29531660,United Kingdom,GBP,-30.0,279.79
1911630000000.0,Friday,2020-04-10T13:22:22.22,02-51-87,1911631,Business,10134,Debit Card,"King, Atkinson, Woods, Smith, Turner, Richards, Allen, McCarthy and Morgan ",Shopping,02/10/1975,949882,United Kingdom,GBP,-36.96,242.83
1911630000000.0,Friday,2020-04-10T15:58:54.54,02-51-87,1911631,Business,20798,Debit Card,"Long-Newman, Field, Dawson Ltd",Clothing & Footwear,02-50-90,93594687,United Kingdom,GBP,-40.98,201.85
1911630000000.0,Friday,2020-04-10T16:44:59.59,02-51-87,1911631,Business,22974,Debit Card,"Read, Pratt, Carroll, Jenkins, Morris, Brown and Brown Ltd",Expenses,02/11/1987,55360008,United Kingdom,GBP,-41.97,159.89
1911630000000.0,Monday,2020-04-13T15:31:41.41,02-51-87,1911631,Business,20756,Direct Debit,"Scott, Blackburn, Coleman, Holden, Smith, Murphy, Jones-Harris GP",Income 1,02-31-87,28693416,United Kingdom,GBP,2736.55,2896.44
1911630000000.0,Monday,2020-04-13T17:15:56.56,02-51-87,1911631,Business,7982,Debit Card,"Nolan-Butler, James, Owen-Green LP",Shopping,02/11/1975,38137532,United Kingdom,GBP,-35.22,2861.22
1911630000000.0,Monday,2020-04-13T17:28:45.45,02-51-87,1911631,Business,26598,Debit Card,"Clarke, Barrett, Chapman-Brown Ltd",Eating out,02-51-45,91110829,United Kingdom,GBP,-11.19,2850.03
1911630000000.0,Tuesday,2020-04-14T12:26:47.47,02-51-87,1911631,Business,43730,Debit Card,"Watkins, Bennett-Taylor, Parry-Houghton Ltd",Eating out,02-21-75,12650220,United Kingdom,GBP,-27.73,2822.3
1911630000000.0,Wednesday,2020-04-15T12:41:28.28,02-51-87,1911631,Business,9969,Mobile Payment,"Thomas, Hart, Wright, Jones, Mills and Sons ",Expenses,02-51-87,29552053,United Kingdom,GBP,-4.95,2817.35
1911630000000.0,Thursday,2020-04-16T09:53:34.34,02-51-87,1911631,Business,385,Direct Debit,"Reid, Ball, Berry, Tomlinson, Sykes-Lamb LLC",Bills,02/10/2028,52750937,United Kingdom,GBP,-227.31,2590.04
1911630000000.0,Thursday,2020-04-16T14:18:32.32,02-51-87,1911631,Business,39894,Direct Debit,"Pearce-Russell, Watts, Wilson, Gibbs, Williams-Jones Ltd",Communication,02/10/1955,489960,United Kingdom,GBP,-22.84,2567.2
1911630000000.0,Monday,2020-04-20T13:20:47.47,02-51-87,1911631,Business,7423,Debit Card,"Wilkinson, Watson, Armstrong, Henry-Moran, Baker, Thompson and Bond Ltd",Family,02-13-67,54193610,United Kingdom,GBP,-137.5,2429.7
1911630000000.0,Monday,2020-04-20T19:07:41.41,02-51-87,1911631,Business,600,Debit Card,"Murphy-Taylor, Jordan-Clark, Johnson, Davies and Francis Ltd",Transport,02-31-13,12469137,United Kingdom,GBP,-218.37,2211.33
1911630000000.0,Wednesday,2020-04-22T09:36:52.52,02-51-87,1911631,Business,25549,Debit Card,"Taylor-McCarthy, Martin, Harding, Marsh, Sykes, Daly and Richardson LLC",Groceries,02-20-87,72548747,United Kingdom,GBP,-69.39,2141.94
1911630000000.0,Thursday,2020-04-23T15:24:29.29,02-51-87,1911631,Business,33538,Debit Card,"Slater-Harris, Peters, Barton, Simpson, Bull LLC",Expenses,02-51-87,105326,United Kingdom,GBP,-35.7,2106.23
1911630000000.0,Friday,2020-04-24T17:04:08.08,02-51-87,1911631,Business,7423,CASH,"Wilkinson, Watson, Armstrong, Henry-Moran, Baker, Thompson and Bond Ltd",General,02-13-67,54193610,United Kingdom,GBP,-70.0,2036.23
1911630000000.0,Monday,2020-04-27T10:15:27.27,02-51-87,1911631,Business,24067,Debit Card,"Cox, Harvey, Cooper LLC",Groceries,02-40-87,82280001,United Kingdom,GBP,-121.36,1914.88
1911630000000.0,Monday,2020-04-27T12:33:33.33,02-51-87,1911631,Individual,478217,Electronic Funds Transfer,Dean Mann,Loan,02/11/1942,22355018,United Kingdom,GBP,-100.0,1814.88
1911630000000.0,Monday,2020-04-27T15:01:44.44,02-51-87,1911631,Business,10357,Direct Debit,"Greenwood, Carpenter, Marsh-Hunt ",Entertainment,02-53-67,27730255,United Kingdom,GBP,-3.18,1811.7
1911630000000.0,Monday,2020-04-27T16:39:30.3,02-51-87,1911631,Business,43041,Debit Card,"Warner, Douglas, Richards-Thompson LLC",Eating out,02-31-75,70902214,United Kingdom,GBP,-26.2,1785.5
1911630000000.0,Monday,2020-04-27T17:21:33.33,02-51-87,1911631,Business,272,Debit Card,"Wyatt, Jones-Cook, Anderson and Sons Ltd",Shopping,02-20-75,64382825,United Kingdom,GBP,-42.87,1742.63
1911630000000.0,Monday,2020-04-27T17:38:50.5,02-51-87,1911631,Business,1686,Direct Debit,"Hall, Hill, French, Barker, Peters-Brown ",Entertainment,02/10/1943,25721884,United Kingdom,GBP,-4.41,1738.22
1911630000000.0,Monday,2020-04-27T18:40:19.19,02-51-87,1911631,Business,43814,Debit Card,"Cooper, Robertson, Stephens Ltd","Alcohol, narcotics, tabacco",02-41-74,79298272,United Kingdom,GBP,-10.41,1727.81
1911630000000.0,Wednesday,2020-04-29T15:58:45.45,02-51-87,1911631,Business,26313,Debit Card,"Brookes-Dobson, Rogers, Anderson, Wright and Porter Ltd",Expenses,02-21-87,24139390,United Kingdom,GBP,-6.37,1721.45
1911630000000.0,Wednesday,2020-04-29T16:18:37.37,02-51-87,1911631,Business,46976,Debit Card,"Ross, Weston-Patel, Ball Ltd",Eating out,02-20-55,6649485,United Kingdom,GBP,-25.58,1695.86
1911630000000.0,Wednesday,2020-04-29T17:56:41.41,02-51-87,1911631,Business,27007,CASH,"Lowe, Thomas-Brown, Lynch, Daly and Akhtar LLC",General,02-30-43,29531660,United Kingdom,GBP,-70.0,1625.86
1911630000000.0,Thursday,2020-04-30T14:07:00,02-51-87,1911631,Business,13117,Direct Debit,"Douglas, Barton, Gregory LLC",Entertainment,02-20-55,41970666,United Kingdom,GBP,-2.2,1623.66
1911630000000.0,Thursday,2020-04-30T14:11:28.28,02-51-87,1911631,Business,19420,Debit Card,"Williams-Lowe, Chadwick-Clarke, Daly, Goodwin and White ",Clothing & Footwear,02-31-74,79028331,United Kingdom,GBP,-46.63,1577.04
1911630000000.0,Thursday,2020-04-30T16:01:21.21,02-51-87,1911631,Business,2129,Direct Debit,"Miah, Wright, Stephens, Morgan, Pearson, Brown, Matthews, Ford and Edwards Ltd",Mortgage / Rent,02-40-16,1375721,United Kingdom,GBP,-735.46,841.58
1911630000000.0,Monday,2020-05-04T10:00:37.37,02-51-87,1911631,Business,7423,CASH,"Wilkinson, Watson, Armstrong, Henry-Moran, Baker, Thompson and Bond Ltd",General,02-13-67,54193610,United Kingdom,GBP,-80.0,761.58
1911630000000.0,Monday,2020-05-04T13:42:58.58,02-51-87,1911631,Business,26313,Debit Card,"Brookes-Dobson, Rogers, Anderson, Wright and Porter Ltd",Expenses,02-21-87,24139390,United Kingdom,GBP,-32.94,728.64
1911630000000.0,Monday,2020-05-04T14:09:10.1,02-51-87,1911631,Business,28760,Direct Debit,"Jackson, Hill, Begum, Armstrong-Brown, Barnes-Sutton LLC",Entertainment,02/10/2026,34622755,United Kingdom,GBP,-2.97,725.67
1911630000000.0,Monday,2020-05-04T14:28:45.45,02-51-87,1911631,Business,31463,Direct Debit,"Brady-Roberts, Collier, Stokes, Kennedy, Evans LLC",Communication,02-50-87,73613873,United Kingdom,GBP,-8.42,717.25
1911630000000.0,Monday,2020-05-04T16:14:44.44,02-51-87,1911631,Business,25549,Debit Card,"Taylor-McCarthy, Martin, Harding, Marsh, Sykes, Daly and Richardson LLC",Groceries,02-20-87,72548747,United Kingdom,GBP,-78.45,638.8
1911630000000.0,Tuesday,2020-05-05T08:30:12.12,02-51-87,1911631,Business,24067,Debit Card,"Cox, Harvey, Cooper LLC",Groceries,02-40-87,82280001,United Kingdom,GBP,-84.86,553.94
1911630000000.0,Tuesday,2020-05-05T14:24:43.43,02-51-87,1911631,Business,7423,CASH,"Wilkinson, Watson, Armstrong, Henry-Moran, Baker, Thompson and Bond Ltd",General,02-13-67,54193610,United Kingdom,GBP,-30.0,523.94
1911630000000.0,Tuesday,2020-05-05T15:06:12.12,02-51-87,1911631,Business,14020,Mobile Payment,"Harvey, Dale-Yates, Foster, Price and Hewitt ",Expenses,02-31-87,32442850,United Kingdom,GBP,-7.63,516.32
1911630000000.0,Thursday,2020-05-07T10:07:24.24,02-51-87,1911631,Business,42050,Debit Card,"Cook, Taylor, Price, Davies-Davis, Mason-Green LLC","Alcohol, narcotics, tabacco",02-51-74,26576742,United Kingdom,GBP,-20.52,495.8
1911630000000.0,Monday,2020-05-11T08:32:56.56,02-51-87,1911631,Business,2212,Debit Card,"Williams-Turnbull, Campbell, Singh, Cooper, Mason, Campbell and Frost Ltd",Eating out,02-41-45,77854919,United Kingdom,GBP,-15.81,479.99
1911630000000.0,Monday,2020-05-11T09:53:43.43,02-51-87,1911631,Business,19808,Mobile Payment,"Hawkins, Fletcher, Richards, Elliott, Burke, Riley and Dobson LLC",Expenses,02-31-87,8273441,United Kingdom,GBP,-41.12,438.87
1911630000000.0,Monday,2020-05-11T12:57:01.01,02-51-87,1911631,Business,36390,Debit Card,"Pritchard, Evans-White, Jackson Ltd",Eating out,02-30-55,98568672,United Kingdom,GBP,-18.77,420.1
1911630000000.0,Monday,2020-05-11T14:12:55.55,02-51-87,1911631,Business,600,Debit Card,"Murphy-Taylor, Jordan-Clark, Johnson, Davies and Francis Ltd",Transport,02-31-13,12469137,United Kingdom,GBP,-116.43,303.67
1911630000000.0,Monday,2020-05-11T16:43:06.06,02-51-87,1911631,Business,19877,Debit Card,"Murphy, Wade, Gregory, Wilson, Kemp-Harvey LP",Clothing & Footwear,02-31-42,26270041,United Kingdom,GBP,-56.13,247.54
1911630000000.0,Monday,2020-05-11T17:00:14.14,02-51-87,1911631,Business,33824,Direct Debit,"Griffin, O'Brien, Clark, McDonald-Patel, Smith-Moore ",Entertainment,02-53-67,56426156,United Kingdom,GBP,-2.98,244.57
1911630000000.0,Monday,2020-05-11T18:11:31.31,02-51-87,1911631,Business,25549,Debit Card,"Taylor-McCarthy, Martin, Harding, Marsh, Sykes, Daly and Richardson LLC",Groceries,02-20-87,72548747,United Kingdom,GBP,-67.76,176.81
1911630000000.0,Tuesday,2020-05-12T10:07:41.41,02-51-87,1911631,Business,20756,Direct Debit,"Scott, Blackburn, Coleman, Holden, Smith, Murphy, Jones-Harris GP",Income 1,02-31-87,28693416,United Kingdom,GBP,2926.95,3103.76
1911630000000.0,Wednesday,2020-05-13T11:24:43.43,02-51-87,1911631,Business,385,Direct Debit,"Reid, Ball, Berry, Tomlinson, Sykes-Lamb LLC",Bills,02/10/2028,52750937,United Kingdom,GBP,-209.65,2894.11
1911630000000.0,Thursday,2020-05-14T18:28:22.22,02-51-87,1911631,Business,19420,Debit Card,"Williams-Lowe, Chadwick-Clarke, Daly, Goodwin and White ",Clothing & Footwear,02-31-74,79028331,United Kingdom,GBP,-59.99,2834.12
1911630000000.0,Thursday,2020-05-14T18:41:37.37,02-51-87,1911631,Business,37226,Debit Card,"Peters, Howard, Bennett, Smith and Harvey LLC",Clothing & Footwear,02-51-75,71671964,United Kingdom,GBP,-44.27,2789.86
1911630000000.0,Thursday,2020-05-14T19:04:31.31,02-51-87,1911631,Business,21118,Debit Card,"Hunt, Harper, Dixon, Butler-Dobson, Hill, Faulkner and Fraser ",Expenses,02-41-87,11881702,United Kingdom,GBP,-55.67,2734.19
1911630000000.0,Friday,2020-05-15T14:17:31.31,02-51-87,1911631,Business,1703,Direct Debit,"Read-Atkins, Hall, Goddard, Wallis, Evans, White and Nelson ",Entertainment,02-40-26,16777141,United Kingdom,GBP,-5.27,2728.91
1911630000000.0,Sunday,2020-05-17T13:03:48.48,02-51-87,1911631,Business,27007,CASH,"Lowe, Thomas-Brown, Lynch, Daly and Akhtar LLC",General,02-30-43,29531660,United Kingdom,GBP,-20.0,2708.91
1911630000000.0,Monday,2020-05-18T10:11:25.25,02-51-87,1911631,Business,10541,Debit Card,"Abbott, Turner, Bond, Joyce, Thomas, Fleming, Walker LLC",Clothing & Footwear,02-21-42,59308065,United Kingdom,GBP,-47.7,2661.22
1911630000000.0,Monday,2020-05-18T10:16:36.36,02-51-87,1911631,Business,39894,Direct Debit,"Pearce-Russell, Watts, Wilson, Gibbs, Williams-Jones Ltd",Communication,02/10/1955,489960,United Kingdom,GBP,-12.49,2648.73
1911630000000.0,Monday,2020-05-18T11:00:23.23,02-51-87,1911631,Business,1613,Debit Card,"Gilbert, Crawford, Gray and Sons LLC",Shopping,02-41-42,60225609,United Kingdom,GBP,-15.05,2633.68
1911630000000.0,Monday,2020-05-18T12:00:43.43,02-51-87,1911631,Business,272,Debit Card,"Wyatt, Jones-Cook, Anderson and Sons Ltd",Shopping,02-20-75,64382825,United Kingdom,GBP,-13.56,2620.12
1911630000000.0,Monday,2020-05-18T13:32:18.18,02-51-87,1911631,Individual,478217,Electronic Funds Transfer,Dean Mann,Loan,02/11/1942,22355018,United Kingdom,GBP,-300.0,2320.12
1911630000000.0,Tuesday,2020-05-19T17:42:26.26,02-51-87,1911631,Business,47990,Debit Card,"Carter, Baxter, Scott, Shaw-Storey, Clarke-Cole LLC",Eating out,02-50-55,42822692,United Kingdom,GBP,-20.07,2300.06
1911630000000.0,Thursday,2020-05-21T14:16:57.57,02-51-87,1911631,Business,39522,Debit Card,"Atkins, Green, Burrows, Dennis and Morgan ",Eating out,02-30-75,57691562,United Kingdom,GBP,-14.99,2285.07
1911630000000.0,Thursday,2020-05-21T14:55:24.24,02-51-87,1911631,Business,27007,CASH,"Lowe, Thomas-Brown, Lynch, Daly and Akhtar LLC",General,02-30-43,29531660,United Kingdom,GBP,-60.0,2225.07
1911630000000.0,Friday,2020-05-22T13:34:28.28,02-51-87,1911631,Business,272,Debit Card,"Wyatt, Jones-Cook, Anderson and Sons Ltd",Shopping,02-20-75,64382825,United Kingdom,GBP,-29.8,2195.27
1911630000000.0,Sunday,2020-05-24T16:33:36.36,02-51-87,1911631,Business,27007,CASH,"Lowe, Thomas-Brown, Lynch, Daly and Akhtar LLC",General,02-30-43,29531660,United Kingdom,GBP,-40.0,2155.27
1911630000000.0,Monday,2020-05-25T13:52:19.19,02-51-87,1911631,Business,9532,Debit Card,"Williams, Hammond-Watts, Potter, Bishop and Harris ",Shopping,02-40-75,76598842,United Kingdom,GBP,-26.07,2129.21
1911630000000.0,Monday,2020-05-25T15:29:48.48,02-51-87,1911631,Business,25549,Debit Card,"Taylor-McCarthy, Martin, Harding, Marsh, Sykes, Daly and Richardson LLC",Groceries,02-20-87,72548747,United Kingdom,GBP,-102.26,2026.95
1911630000000.0,Monday,2020-05-25T18:11:31.31,02-51-87,1911631,Business,43730,Debit Card,"Watkins, Bennett-Taylor, Parry-Houghton Ltd",Eating out,02-21-75,12650220,United Kingdom,GBP,-18.25,2008.7
1911630000000.0,Tuesday,2020-05-26T12:29:23.23,02-51-87,1911631,Business,19808,Mobile Payment,"Hawkins, Fletcher, Richards, Elliott, Burke, Riley and Dobson LLC",Expenses,02-31-87,8273441,United Kingdom,GBP,-48.02,1960.68
1911630000000.0,Thursday,2020-05-28T15:41:46.46,02-51-87,1911631,Business,13117,Direct Debit,"Douglas, Barton, Gregory LLC",Entertainment,02-20-55,41970666,United Kingdom,GBP,-2.61,1958.07
1911630000000.0,Thursday,2020-05-28T18:06:55.55,02-51-87,1911631,Business,600,Debit Card,"Murphy-Taylor, Jordan-Clark, Johnson, Davies and Francis Ltd",Transport,02-31-13,12469137,United Kingdom,GBP,-106.43,1851.64
1911630000000.0,Thursday,2020-05-28T18:13:06.06,02-51-87,1911631,Business,9969,Mobile Payment,"Thomas, Hart, Wright, Jones, Mills and Sons ",Expenses,02-51-87,29552053,United Kingdom,GBP,-49.93,1801.71
1911630000000.0,Friday,2020-05-29T12:51:33.33,02-51-87,1911631,Business,3597,Debit Card,"Martin, Foster, Mann, Hopkins-O'Neill, Cole ",Family,02-52-33,47292995,United Kingdom,GBP,-252.88,1548.83
1911630000000.0,Monday,2020-06-01T08:37:06.06,02-51-87,1911631,Business,8433,Debit Card,"Davies, Hartley, Kerr, Phillips, Robertson-Gray Ltd",Shopping,02-31-45,39554381,United Kingdom,GBP,-26.23,1522.6
1911630000000.0,Monday,2020-06-01T10:27:16.16,02-51-87,1911631,Business,7982,Debit Card,"Nolan-Butler, James, Owen-Green LP",Shopping,02/11/1975,38137532,United Kingdom,GBP,-15.8,1506.8
1911630000000.0,Monday,2020-06-01T14:01:24.24,02-51-87,1911631,Business,27007,CASH,"Lowe, Thomas-Brown, Lynch, Daly and Akhtar LLC",General,02-30-43,29531660,United Kingdom,GBP,-100.0,1406.8
1911630000000.0,Monday,2020-06-01T14:35:14.14,02-51-87,1911631,Business,2129,Direct Debit,"Miah, Wright, Stephens, Morgan, Pearson, Brown, Matthews, Ford and Edwards Ltd",Mortgage / Rent,02-40-16,1375721,United Kingdom,GBP,-691.67,715.13
1911630000000.0,Monday,2020-06-01T18:40:11.11,02-51-87,1911631,Business,21118,Debit Card,"Hunt, Harper, Dixon, Butler-Dobson, Hill, Faulkner and Fraser ",Expenses,02-41-87,11881702,United Kingdom,GBP,-75.87,639.26
1911630000000.0,Tuesday,2020-06-02T15:51:59.59,02-51-87,1911631,Business,7982,Debit Card,"Nolan-Butler, James, Owen-Green LP",Shopping,02/11/1975,38137532,United Kingdom,GBP,-17.18,622.09
1911630000000.0,Wednesday,2020-06-03T08:36:32.32,02-51-87,1911631,Business,20328,Debit Card,"Baker, Davis, Gordon, Slater, Green, Clarke, Dodd ",Clothing & Footwear,02-31-87,74995683,United Kingdom,GBP,-49.4,572.69
1911630000000.0,Wednesday,2020-06-03T17:59:00,02-51-87,1911631,Business,3304,Debit Card,"Wright, Crawford, Campbell, McCarthy, Carter, Douglas, Brown-Douglas LLC",Shopping,02-21-74,13556298,United Kingdom,GBP,-18.87,553.82
1911630000000.0,Thursday,2020-06-04T13:48:09.09,02-51-87,1911631,Business,28760,Direct Debit,"Jackson, Hill, Begum, Armstrong-Brown, Barnes-Sutton LLC",Entertainment,02/10/2026,34622755,United Kingdom,GBP,-4.86,548.96
1911630000000.0,Thursday,2020-06-04T15:55:35.35,02-51-87,1911631,Business,43766,Mobile Payment,"Webb-Fraser, Brown, Wood, Archer and Williams Ltd",Expenses,02-31-87,97221623,United Kingdom,GBP,-24.2,524.77
1911630000000.0,Friday,2020-06-05T12:17:08.08,02-51-87,1911631,Business,385,Direct Debit,"Reid, Ball, Berry, Tomlinson, Sykes-Lamb LLC",Bills,02/10/2028,52750937,United Kingdom,GBP,-164.86,359.91
1911630000000.0,Monday,2020-06-08T09:30:49.49,02-51-87,1911631,Business,21118,Debit Card,"Hunt, Harper, Dixon, Butler-Dobson, Hill, Faulkner and Fraser ",Expenses,02-41-87,11881702,United Kingdom,GBP,-32.5,327.41
1911630000000.0,Monday,2020-06-08T14:12:29.29,02-51-87,1911631,Business,5361,Debit Card,"Taylor-Allen, Butler, Hodgson and Sons LLC",Expenses,02-21-87,89741435,United Kingdom,GBP,-17.09,310.32
1911630000000.0,Monday,2020-06-08T15:08:30.3,02-51-87,1911631,Business,25549,Debit Card,"Taylor-McCarthy, Martin, Harding, Marsh, Sykes, Daly and Richardson LLC",Groceries,02-20-87,72548747,United Kingdom,GBP,-145.86,164.46
1911630000000.0,Monday,2020-06-08T15:11:40.4,02-51-87,1911631,Business,42589,Debit Card,"Turner, Campbell, Martin, Williams, Saunders, Murray, Hill-Briggs ","Alcohol, narcotics, tabacco",02-31-74,24937599,United Kingdom,GBP,-8.4,156.06
1911630000000.0,Monday,2020-06-08T16:02:47.47,02-51-87,1911631,Business,1703,Direct Debit,"Read-Atkins, Hall, Goddard, Wallis, Evans, White and Nelson ",Entertainment,02-40-26,16777141,United Kingdom,GBP,-4.61,151.45
1911630000000.0,Monday,2020-06-08T17:34:05.05,02-51-87,1911631,Business,42589,Debit Card,"Turner, Campbell, Martin, Williams, Saunders, Murray, Hill-Briggs ","Alcohol, narcotics, tabacco",02-31-74,24937599,United Kingdom,GBP,-5.12,146.33
1911630000000.0,Monday,2020-06-08T18:00:43.43,02-51-87,1911631,Business,21118,Debit Card,"Hunt, Harper, Dixon, Butler-Dobson, Hill, Faulkner and Fraser ",Expenses,02-41-87,11881702,United Kingdom,GBP,-38.17,108.16
1911630000000.0,Wednesday,2020-06-10T12:38:27.27,02-51-87,1911631,Business,33538,Debit Card,"Slater-Harris, Peters, Barton, Simpson, Bull LLC",Expenses,02-51-87,105326,United Kingdom,GBP,-27.42,80.74
1911630000000.0,Thursday,2020-06-11T08:54:32.32,02-51-87,1911631,Business,25549,Debit Card,"Taylor-McCarthy, Martin, Harding, Marsh, Sykes, Daly and Richardson LLC",Groceries,02-20-87,72548747,United Kingdom,GBP,-80.34,0.41
1911630000000.0,Thursday,2020-06-11T10:53:46.46,02-51-87,1911631,Business,24067,Debit Card,"Cox, Harvey, Cooper LLC",Groceries,02-40-87,82280001,United Kingdom,GBP,-34.52,-34.11
1911630000000.0,Thursday,2020-06-11T12:52:12.12,02-51-87,1911631,Individual,478217,Electronic Funds Transfer,Dean Mann,Loan,02/11/1942,22355018,United Kingdom,GBP,100.0,65.89
1911630000000.0,Friday,2020-06-12T10:11:34.34,02-51-87,1911631,Business,600,Debit Card,"Murphy-Taylor, Jordan-Clark, Johnson, Davies and Francis Ltd",Transport,02-31-13,12469137,United Kingdom,GBP,-114.16,-48.27
1911630000000.0,Friday,2020-06-12T11:15:13.13,02-51-87,1911631,Business,45331,Debit Card,"Houghton, White, Johnson, Ford, Gibson, Ross, Manning-Saunders LLC","Alcohol, narcotics, tabacco",02-21-42,82919371,United Kingdom,GBP,-4.76,-53.03
1911630000000.0,Friday,2020-06-12T11:34:39.39,02-51-87,1911631,Business,600,Debit Card,"Murphy-Taylor, Jordan-Clark, Johnson, Davies and Francis Ltd",Transport,02-31-13,12469137,United Kingdom,GBP,-96.61,-149.64
1911630000000.0,Friday,2020-06-12T16:32:01.01,02-51-87,1911631,Business,20756,Direct Debit,"Scott, Blackburn, Coleman, Holden, Smith, Murphy, Jones-Harris GP",Income 1,02-31-87,28693416,United Kingdom,GBP,2783.28,2633.64
1911630000000.0,Friday,2020-06-12T18:21:27.27,02-51-87,1911631,Business,43766,Mobile Payment,"Webb-Fraser, Brown, Wood, Archer and Williams Ltd",Expenses,02-31-87,97221623,United Kingdom,GBP,-12.84,2620.8
1911630000000.0,Saturday,2020-06-13T15:42:55.55,02-51-87,1911631,Business,5721,CASH,"Welch, Webb-Kelly, Pope ",General,02-13-67,86362647,United Kingdom,GBP,-50.0,2570.8
1911630000000.0,Sunday,2020-06-14T16:33:45.45,02-51-87,1911631,Business,7423,CASH,"Wilkinson, Watson, Armstrong, Henry-Moran, Baker, Thompson and Bond Ltd",General,02-13-67,54193610,United Kingdom,GBP,-80.0,2490.8
1911630000000.0,Monday,2020-06-15T11:00:58.58,02-51-87,1911631,Business,21118,Debit Card,"Hunt, Harper, Dixon, Butler-Dobson, Hill, Faulkner and Fraser ",Expenses,02-41-87,11881702,United Kingdom,GBP,-27.97,2462.83
1911630000000.0,Monday,2020-06-15T13:37:03.03,02-51-87,1911631,Business,15221,Debit Card,"Henderson, James, Khan and Sons ",Family,02-52-80,60943862,United Kingdom,GBP,-191.28,2271.55
1911630000000.0,Wednesday,2020-06-17T09:15:50.5,02-51-87,1911631,Business,31463,Direct Debit,"Brady-Roberts, Collier, Stokes, Kennedy, Evans LLC",Communication,02-50-87,73613873,United Kingdom,GBP,-24.32,2247.23
1911630000000.0,Thursday,2020-06-18T10:54:55.55,02-51-87,1911631,Business,6114,Debit Card,"Chadwick-Wright, Hunt-Jackson, Griffiths-James Ltd",Eating out,02-30-55,5610316,United Kingdom,GBP,-30.41,2216.82
1911630000000.0,Thursday,2020-06-18T18:53:51.51,02-51-87,1911631,Business,2212,Debit Card,"Williams-Turnbull, Campbell, Singh, Cooper, Mason, Campbell and Frost Ltd",Eating out,02-41-45,77854919,United Kingdom,GBP,-30.41,2186.41
1911630000000.0,Monday,2020-06-22T11:46:02.02,02-51-87,1911631,Business,25620,Debit Card,"Hunt, French, Ward, Cook, Taylor, O'Connor, White, Hill and McDonald LP",Clothing & Footwear,02-31-45,93372926,United Kingdom,GBP,-45.56,2140.85
1911630000000.0,Monday,2020-06-22T13:37:21.21,02-51-87,1911631,Business,5361,Debit Card,"Taylor-Allen, Butler, Hodgson and Sons LLC",Expenses,02-21-87,89741435,United Kingdom,GBP,-12.84,2128.01
1911630000000.0,Monday,2020-06-22T13:48:52.52,02-51-87,1911631,Business,7882,Debit Card,"Houghton-Fowler, Chapman, Walton, Hooper, Wilson, Bell and Thompson Ltd",Shopping,02-41-45,98493725,United Kingdom,GBP,-12.43,2115.58
1911630000000.0,Monday,2020-06-22T16:32:10.1,02-51-87,1911631,Business,35626,Debit Card,"Hopkins, Brennan, Bailey, Read, Jackson-Holmes Ltd",Expenses,02-41-87,85871603,United Kingdom,GBP,-47.96,2067.62
1911630000000.0,Monday,2020-06-22T16:53:02.02,02-51-87,1911631,Business,17090,Debit Card,"Wright, Bell, Brown, Smith, Hill, Howell and Campbell ",Clothing & Footwear,02-51-74,67612277,United Kingdom,GBP,-56.94,2010.68
1911630000000.0,Monday,2020-06-22T17:37:41.41,02-51-87,1911631,Business,1686,Direct Debit,"Hall, Hill, French, Barker, Peters-Brown ",Entertainment,02/10/1943,25721884,United Kingdom,GBP,-5.3,2005.38
1911630000000.0,Tuesday,2020-06-23T18:10:48.48,02-51-87,1911631,Business,19877,Debit Card,"Murphy, Wade, Gregory, Wilson, Kemp-Harvey LP",Clothing & Footwear,02-31-42,26270041,United Kingdom,GBP,-46.95,1958.43
1911630000000.0,Friday,2020-06-26T09:13:32.32,02-51-87,1911631,Business,3304,Debit Card,"Wright, Crawford, Campbell, McCarthy, Carter, Douglas, Brown-Douglas LLC",Shopping,02-21-74,13556298,United Kingdom,GBP,-23.3,1935.13
1911630000000.0,Friday,2020-06-26T10:25:06.06,02-51-87,1911631,Business,39522,Debit Card,"Atkins, Green, Burrows, Dennis and Morgan ",Eating out,02-30-75,57691562,United Kingdom,GBP,-11.37,1923.77
1911630000000.0,Friday,2020-06-26T11:01:24.24,02-51-87,1911631,Business,7480,Debit Card,"Murray, Williams, Nelson, James and Metcalfe LLC",Shopping,02-41-45,71070884,United Kingdom,GBP,-12.16,1911.61
1911630000000.0,Friday,2020-06-26T15:25:47.47,02-51-87,1911631,Business,39894,Direct Debit,"Pearce-Russell, Watts, Wilson, Gibbs, Williams-Jones Ltd",Communication,02/10/1955,489960,United Kingdom,GBP,-20.15,1891.46
1911630000000.0,Monday,2020-06-29T10:28:16.16,02-51-87,1911631,Business,5361,Debit Card,"Taylor-Allen, Butler, Hodgson and Sons LLC",Expenses,02-21-87,89741435,United Kingdom,GBP,-48.23,1843.23
1911630000000.0,Monday,2020-06-29T10:34:54.54,02-51-87,1911631,Business,24067,Debit Card,"Cox, Harvey, Cooper LLC",Groceries,02-40-87,82280001,United Kingdom,GBP,-81.54,1761.7
1911630000000.0,Monday,2020-06-29T10:39:39.39,02-51-87,1911631,Business,8433,Debit Card,"Davies, Hartley, Kerr, Phillips, Robertson-Gray Ltd",Shopping,02-31-45,39554381,United Kingdom,GBP,-24.67,1737.03
1911630000000.0,Monday,2020-06-29T16:03:13.13,02-51-87,1911631,Business,5721,CASH,"Welch, Webb-Kelly, Pope ",General,02-13-67,86362647,United Kingdom,GBP,-50.0,1687.03
1911630000000.0,Monday,2020-06-29T18:58:36.36,02-51-87,1911631,Business,35626,Debit Card,"Hopkins, Brennan, Bailey, Read, Jackson-Holmes Ltd",Expenses,02-41-87,85871603,United Kingdom,GBP,-20.17,1666.86
1911630000000.0,Tuesday,2020-06-30T08:29:28.28,02-51-87,1911631,Business,1686,Direct Debit,"Hall, Hill, French, Barker, Peters-Brown ",Entertainment,02/10/1943,25721884,United Kingdom,GBP,-5.59,1661.27
1911630000000.0,Tuesday,2020-06-30T12:23:28.28,02-51-87,1911631,Business,2129,Direct Debit,"Miah, Wright, Stephens, Morgan, Pearson, Brown, Matthews, Ford and Edwards Ltd",Mortgage / Rent,02-40-16,1375721,United Kingdom,GBP,-709.95,951.32
1911630000000.0,Tuesday,2020-06-30T12:33:33.33,02-51-87,1911631,Individual,478217,Electronic Funds Transfer,Dean Mann,Loan,02/11/1942,22355018,United Kingdom,GBP,-200.0,751.32
1911630000000.0,Tuesday,2020-06-30T12:36:35.35,02-51-87,1911631,Business,39906,Debit Card,"Brooks, Webb-Davey, Richardson and Sons LLC",Eating out,02-41-75,87872901,United Kingdom,GBP,-18.4,732.92
1911630000000.0,Tuesday,2020-06-30T16:42:32.32,02-51-87,1911631,Business,1006,Debit Card,"Cole, Carroll, O'Sullivan, Williams, Poole, Johnson, Lamb-Shaw LLC",Shopping,02-31-45,73393740,United Kingdom,GBP,-16.35,716.57
1911630000000.0,Wednesday,2020-07-01T09:04:28.28,02-51-87,1911631,Business,14646,Debit Card,"Johnston, Dickinson, Ahmed LP",Clothing & Footwear,02-31-87,17040374,United Kingdom,GBP,-47.84,668.73
1911630000000.0,Wednesday,2020-07-01T13:11:08.08,02-51-87,1911631,Business,27007,CASH,"Lowe, Thomas-Brown, Lynch, Daly and Akhtar LLC",General,02-30-43,29531660,United Kingdom,GBP,-20.0,648.73
1911630000000.0,Wednesday,2020-07-01T17:08:36.36,02-51-87,1911631,Business,20253,Mobile Payment,"Gilbert, Gallagher, Ahmed, Davies, Poole-Austin ",Expenses,02-41-87,51147265,United Kingdom,GBP,-39.82,608.91
1911630000000.0,Thursday,2020-07-02T16:32:53.53,02-51-87,1911631,Business,25549,Debit Card,"Taylor-McCarthy, Martin, Harding, Marsh, Sykes, Daly and Richardson LLC",Groceries,02-20-87,72548747,United Kingdom,GBP,-36.41,572.5
1911630000000.0,Friday,2020-07-03T13:01:29.29,02-51-87,1911631,Business,7882,Debit Card,"Houghton-Fowler, Chapman, Walton, Hooper, Wilson, Bell and Thompson Ltd",Shopping,02-41-45,98493725,United Kingdom,GBP,-24.27,548.23
1911630000000.0,Friday,2020-07-03T13:11:34.34,02-51-87,1911631,Business,13117,Direct Debit,"Douglas, Barton, Gregory LLC",Entertainment,02-20-55,41970666,United Kingdom,GBP,-5.37,542.87
1911630000000.0,Friday,2020-07-03T14:36:49.49,02-51-87,1911631,Business,26838,Debit Card,"Swift, McKenzie, Murphy, Roberts, Russell, Cox, Hunter LLC",Eating out,02-41-45,55489776,United Kingdom,GBP,-11.53,531.34
1911630000000.0,Monday,2020-07-06T10:31:44.44,02-51-87,1911631,Business,600,Debit Card,"Murphy-Taylor, Jordan-Clark, Johnson, Davies and Francis Ltd",Transport,02-31-13,12469137,United Kingdom,GBP,-110.4,420.94
1911630000000.0,Monday,2020-07-06T11:56:24.24,02-51-87,1911631,Business,10357,Direct Debit,"Greenwood, Carpenter, Marsh-Hunt ",Entertainment,02-53-67,27730255,United Kingdom,GBP,-5.28,415.66
1911630000000.0,Monday,2020-07-06T12:44:38.38,02-51-87,1911631,Business,39894,Direct Debit,"Pearce-Russell, Watts, Wilson, Gibbs, Williams-Jones Ltd",Communication,02/10/1955,489960,United Kingdom,GBP,-7.71,407.95
1911630000000.0,Thursday,2020-07-09T09:14:50.5,02-51-87,1911631,Business,4698,Debit Card,"Barker, Farrell-Griffin, White ",Shopping,02/11/1974,90971612,United Kingdom,GBP,-20.93,387.03
1911630000000.0,Thursday,2020-07-09T09:15:50.5,02-51-87,1911631,Business,24067,Debit Card,"Cox, Harvey, Cooper LLC",Groceries,02-40-87,82280001,United Kingdom,GBP,-118.52,268.51
1911630000000.0,Thursday,2020-07-09T12:23:11.11,02-51-87,1911631,Business,21118,Debit Card,"Hunt, Harper, Dixon, Butler-Dobson, Hill, Faulkner and Fraser ",Expenses,02-41-87,11881702,United Kingdom,GBP,-19.18,249.33
1911630000000.0,Thursday,2020-07-09T16:34:45.45,02-51-87,1911631,Business,1758,Debit Card,"Jones, Ali, Carroll, Barker, Ahmed-Humphries ",Shopping,02-51-75,35458455,United Kingdom,GBP,-21.14,228.19
1911630000000.0,Friday,2020-07-10T09:09:22.22,02-51-87,1911631,Business,27007,CASH,"Lowe, Thomas-Brown, Lynch, Daly and Akhtar LLC",General,02-30-43,29531660,United Kingdom,GBP,-60.0,168.19
1911630000000.0,Friday,2020-07-10T12:53:25.25,02-51-87,1911631,Business,3597,Debit Card,"Martin, Foster, Mann, Hopkins-O'Neill, Cole ",Family,02-52-33,47292995,United Kingdom,GBP,-29.33,138.86
1911630000000.0,Friday,2020-07-10T13:22:48.48,02-51-87,1911631,Business,33824,Direct Debit,"Griffin, O'Brien, Clark, McDonald-Patel, Smith-Moore ",Entertainment,02-53-67,56426156,United Kingdom,GBP,-2.7,136.16
1911630000000.0,Friday,2020-07-10T17:18:14.14,02-51-87,1911631,Business,36438,Debit Card,"Murray, Cameron, Taylor, Williams and Short LLC",Clothing & Footwear,02-41-45,37839733,United Kingdom,GBP,-33.1,103.06
1911630000000.0,Friday,2020-07-10T17:28:36.36,02-51-87,1911631,Business,25549,Debit Card,"Taylor-McCarthy, Martin, Harding, Marsh, Sykes, Daly and Richardson LLC",Groceries,02-20-87,72548747,United Kingdom,GBP,-55.52,47.54
1911630000000.0,Monday,2020-07-13T13:26:33.33,02-51-87,1911631,Business,20756,Direct Debit,"Scott, Blackburn, Coleman, Holden, Smith, Murphy, Jones-Harris GP",Income 1,02-31-87,28693416,United Kingdom,GBP,2931.42,2978.96
1911630000000.0,Monday,2020-07-13T13:33:01.01,02-51-87,1911631,Business,39894,Direct Debit,"Pearce-Russell, Watts, Wilson, Gibbs, Williams-Jones Ltd",Communication,02/10/1955,489960,United Kingdom,GBP,-16.53,2962.44
1911630000000.0,Monday,2020-07-13T16:25:49.49,02-51-87,1911631,Business,20328,Debit Card,"Baker, Davis, Gordon, Slater, Green, Clarke, Dodd ",Clothing & Footwear,02-31-87,74995683,United Kingdom,GBP,-45.95,2916.49
1911630000000.0,Monday,2020-07-13T17:18:23.23,02-51-87,1911631,Business,25549,Debit Card,"Taylor-McCarthy, Martin, Harding, Marsh, Sykes, Daly and Richardson LLC",Groceries,02-20-87,72548747,United Kingdom,GBP,-52.68,2863.81
1911630000000.0,Monday,2020-07-13T17:31:38.38,02-51-87,1911631,Business,14020,Mobile Payment,"Harvey, Dale-Yates, Foster, Price and Hewitt ",Expenses,02-31-87,32442850,United Kingdom,GBP,-27.39,2836.43
1911630000000.0,Monday,2020-07-13T18:05:37.37,02-51-87,1911631,Business,37733,Debit Card,"Butcher, Pearce, Atkinson, Power, Miller, Jones, Collins, Pratt and Harrison ",Clothing & Footwear,02-50-75,64955278,United Kingdom,GBP,-48.01,2788.42
1911630000000.0,Monday,2020-07-13T18:32:18.18,02-51-87,1911631,Individual,478217,Electronic Funds Transfer,Dean Mann,Loan,02/11/1942,22355018,United Kingdom,GBP,100.0,2888.42
1911630000000.0,Monday,2020-07-13T18:59:20.2,02-51-87,1911631,Business,15438,Debit Card,"Slater-Grant, Smith, Edwards, Thorpe and Williams LP",Clothing & Footwear,02/11/1945,48749024,United Kingdom,GBP,-43.59,2844.82
1911630000000.0,Tuesday,2020-07-14T17:31:38.38,02-51-87,1911631,Business,41193,Debit Card,"Wright, Mitchell-Watkins, Buckley, O'Neill and Williams LLC","Alcohol, narcotics, tabacco",02-21-45,12229137,United Kingdom,GBP,-3.1,2841.72
1911630000000.0,Wednesday,2020-07-15T15:24:46.46,02-51-87,1911631,Business,36699,Debit Card,"Morley, Jones, King, Lambert, Wright, Parry, Lee ",Eating out,02-41-87,67213348,United Kingdom,GBP,-11.95,2829.78
1911630000000.0,Thursday,2020-07-16T12:50:15.15,02-51-87,1911631,Business,36019,Mobile Payment,"White-Hale, Power-Adams, Baldwin ",Expenses,02-21-87,46359739,United Kingdom,GBP,-14.22,2815.56
1911630000000.0,Thursday,2020-07-16T13:26:41.41,02-51-87,1911631,Business,43766,Mobile Payment,"Webb-Fraser, Brown, Wood, Archer and Williams Ltd",Expenses,02-31-87,97221623,United Kingdom,GBP,-9.94,2805.61
1911630000000.0,Thursday,2020-07-16T13:57:22.22,02-51-87,1911631,Business,40023,Debit Card,"Lee-Edwards, Weston-Cooper, Collins, Jones and Griffiths LLC","Alcohol, narcotics, tabacco",02-21-45,60550911,United Kingdom,GBP,-3.57,2802.05
1911630000000.0,Friday,2020-07-17T16:13:18.18,02-51-87,1911631,Business,5361,Debit Card,"Taylor-Allen, Butler, Hodgson and Sons LLC",Expenses,02-21-87,89741435,United Kingdom,GBP,-6.14,2795.91
1911630000000.0,Monday,2020-07-20T13:02:30.3,02-51-87,1911631,Business,33824,Direct Debit,"Griffin, O'Brien, Clark, McDonald-Patel, Smith-Moore ",Entertainment,02-53-67,56426156,United Kingdom,GBP,-3.21,2792.7
1911630000000.0,Monday,2020-07-20T15:16:08.08,02-51-87,1911631,Business,5361,Debit Card,"Taylor-Allen, Butler, Hodgson and Sons LLC",Expenses,02-21-87,89741435,United Kingdom,GBP,-6.75,2785.95
1911630000000.0,Tuesday,2020-07-21T13:17:11.11,02-51-87,1911631,Business,45331,Debit Card,"Houghton, White, Johnson, Ford, Gibson, Ross, Manning-Saunders LLC","Alcohol, narcotics, tabacco",02-21-42,82919371,United Kingdom,GBP,-7.05,2778.91
1911630000000.0,Wednesday,2020-07-22T12:10:48.48,02-51-87,1911631,Business,41208,Debit Card,"Cole, Singh, Mills, Woodward, Bennett LP",Eating out,02/10/1975,58663700,United Kingdom,GBP,-15.29,2763.62
1911630000000.0,Wednesday,2020-07-22T13:37:29.29,02-51-87,1911631,Business,5721,CASH,"Welch, Webb-Kelly, Pope ",General,02-13-67,86362647,United Kingdom,GBP,-50.0,2713.62
1911630000000.0,Wednesday,2020-07-22T14:34:05.05,02-51-87,1911631,Business,1613,Debit Card,"Gilbert, Crawford, Gray and Sons LLC",Shopping,02-41-42,60225609,United Kingdom,GBP,-19.42,2694.2
1911630000000.0,Wednesday,2020-07-22T16:10:34.34,02-51-87,1911631,Business,36019,Mobile Payment,"White-Hale, Power-Adams, Baldwin ",Expenses,02-21-87,46359739,United Kingdom,GBP,-18.75,2675.44
1911630000000.0,Wednesday,2020-07-22T18:15:42.42,02-51-87,1911631,Business,1665,Debit Card,"Hamilton, Stone, Farrell and Sons ",Shopping,02-41-74,53843584,United Kingdom,GBP,-12.64,2662.8
1911630000000.0,Thursday,2020-07-23T11:16:57.57,02-51-87,1911631,Business,47855,Debit Card,"Connolly, Shah, Brown, Smith, Williams Ltd",Family,02-53-37,77326216,United Kingdom,GBP,-39.11,2623.7
1911630000000.0,Thursday,2020-07-23T17:15:39.39,02-51-87,1911631,Business,41572,Debit Card,"Singh, Berry, Patel, Clark-Mason, O'Sullivan, Wright and Richardson LLC","Alcohol, narcotics, tabacco",02-51-74,89175208,United Kingdom,GBP,-6.6,2617.1
1911630000000.0,Thursday,2020-07-23T18:37:44.44,02-51-87,1911631,Business,5361,Debit Card,"Taylor-Allen, Butler, Hodgson and Sons LLC",Expenses,02-21-87,89741435,United Kingdom,GBP,-3.17,2613.93
1911630000000.0,Friday,2020-07-24T09:42:29.29,02-51-87,1911631,Business,385,Direct Debit,"Reid, Ball, Berry, Tomlinson, Sykes-Lamb LLC",Bills,02/10/2028,52750937,United Kingdom,GBP,-193.59,2420.34
1911630000000.0,Friday,2020-07-24T11:27:01.01,02-51-87,1911631,Business,36019,Mobile Payment,"White-Hale, Power-Adams, Baldwin ",Expenses,02-21-87,46359739,United Kingdom,GBP,-9.78,2410.56
1911630000000.0,Friday,2020-07-24T14:14:12.12,02-51-87,1911631,Business,5721,CASH,"Welch, Webb-Kelly, Pope ",General,02-13-67,86362647,United Kingdom,GBP,-60.0,2350.56
1911630000000.0,Monday,2020-07-27T16:34:02.02,02-51-87,1911631,Business,9532,Debit Card,"Williams, Hammond-Watts, Potter, Bishop and Harris ",Shopping,02-40-75,76598842,United Kingdom,GBP,-18.35,2332.21
1911630000000.0,Monday,2020-07-27T17:12:55.55,02-51-87,1911631,Business,13019,Debit Card,"Vaughan-Nelson, Hussain-Hudson, Noble, Adams and Jones Ltd",Eating out,02-21-87,107267,United Kingdom,GBP,-19.9,2312.31
1911630000000.0,Tuesday,2020-07-28T08:38:59.59,02-51-87,1911631,Business,19275,Debit Card,"Spencer-Wilson, Price-Atkinson, Brown LLC",Eating out,02-20-90,36458713,United Kingdom,GBP,-27.4,2284.91
1911630000000.0,Wednesday,2020-07-29T09:03:19.19,02-51-87,1911631,Business,14020,Mobile Payment,"Harvey, Dale-Yates, Foster, Price and Hewitt ",Expenses,02-31-87,32442850,United Kingdom,GBP,-11.63,2273.28
1911630000000.0,Thursday,2020-07-30T11:22:34.34,02-51-87,1911631,Business,1613,Debit Card,"Gilbert, Crawford, Gray and Sons LLC",Shopping,02-41-42,60225609,United Kingdom,GBP,-21.84,2251.44
1911630000000.0,Thursday,2020-07-30T14:30:37.37,02-51-87,1911631,Business,22974,Debit Card,"Read, Pratt, Carroll, Jenkins, Morris, Brown and Brown Ltd",Expenses,02/11/1987,55360008,United Kingdom,GBP,-38.03,2213.41
1911630000000.0,Friday,2020-07-31T11:56:15.15,02-51-87,1911631,Business,2129,Direct Debit,"Miah, Wright, Stephens, Morgan, Pearson, Brown, Matthews, Ford and Edwards Ltd",Mortgage / Rent,02-40-16,1375721,United Kingdom,GBP,-709.06,1504.35
1911630000000.0,Friday,2020-07-31T17:14:12.12,02-51-87,1911631,Business,5721,CASH,"Welch, Webb-Kelly, Pope ",General,02-13-67,86362647,United Kingdom,GBP,-60.0,1444.35
1911630000000.0,Friday,2020-07-31T17:29:37.37,02-51-87,1911631,Business,600,Debit Card,"Murphy-Taylor, Jordan-Clark, Johnson, Davies and Francis Ltd",Transport,02-31-13,12469137,United Kingdom,GBP,-100.67,1343.69
1911630000000.0,Friday,2020-07-31T17:54:32.32,02-51-87,1911631,Business,19808,Mobile Payment,"Hawkins, Fletcher, Richards, Elliott, Burke, Riley and Dobson LLC",Expenses,02-31-87,8273441,United Kingdom,GBP,-40.3,1303.38
1911630000000.0,Sunday,2020-08-02T13:39:56.56,02-51-87,1911631,Business,27007,CASH,"Lowe, Thomas-Brown, Lynch, Daly and Akhtar LLC",General,02-30-43,29531660,United Kingdom,GBP,-30.0,1273.38
1911630000000.0,Monday,2020-08-03T10:26:41.41,02-51-87,1911631,Business,13117,Direct Debit,"Douglas, Barton, Gregory LLC",Entertainment,02-20-55,41970666,United Kingdom,GBP,-2.87,1270.51
1911630000000.0,Monday,2020-08-03T10:58:39.39,02-51-87,1911631,Business,36019,Mobile Payment,"White-Hale, Power-Adams, Baldwin ",Expenses,02-21-87,46359739,United Kingdom,GBP,-22.52,1248.0
1911630000000.0,Monday,2020-08-03T11:40:08.08,02-51-87,1911631,Business,33538,Debit Card,"Slater-Harris, Peters, Barton, Simpson, Bull LLC",Expenses,02-51-87,105326,United Kingdom,GBP,-21.34,1226.66
1911630000000.0,Monday,2020-08-03T13:40:05.05,02-51-87,1911631,Business,6708,Debit Card,"Smith-Brooks, Johnson-Harvey, Dobson LLC",Shopping,02-30-75,34229570,United Kingdom,GBP,-26.74,1199.92
1911630000000.0,Monday,2020-08-03T14:28:19.19,02-51-87,1911631,Business,39894,Direct Debit,"Pearce-Russell, Watts, Wilson, Gibbs, Williams-Jones Ltd",Communication,02/10/1955,489960,United Kingdom,GBP,-12.28,1187.65
1911630000000.0,Monday,2020-08-03T16:01:12.12,02-51-87,1911631,Business,16784,Debit Card,"Williams, McDonald, Rose, Adams-Ferguson, Taylor ",Eating out,02/11/1975,45868613,United Kingdom,GBP,-22.81,1164.84
1911630000000.0,Monday,2020-08-03T16:28:16.16,02-51-87,1911631,Business,31463,Direct Debit,"Brady-Roberts, Collier, Stokes, Kennedy, Evans LLC",Communication,02-50-87,73613873,United Kingdom,GBP,-24.93,1139.91
1911630000000.0,Monday,2020-08-03T18:07:47.47,02-51-87,1911631,Business,21118,Debit Card,"Hunt, Harper, Dixon, Butler-Dobson, Hill, Faulkner and Fraser ",Expenses,02-41-87,11881702,United Kingdom,GBP,-52.62,1087.29
1911630000000.0,Monday,2020-08-03T18:43:47.47,02-51-87,1911631,Business,40023,Debit Card,"Lee-Edwards, Weston-Cooper, Collins, Jones and Griffiths LLC","Alcohol, narcotics, tabacco",02-21-45,60550911,United Kingdom,GBP,-7.49,1079.8
1911630000000.0,Tuesday,2020-08-04T11:21:24.24,02-51-87,1911631,Business,12797,Debit Card,"Parry, Jones-Johnston, Newman-O'Brien Ltd",Clothing & Footwear,02-21-74,6093218,United Kingdom,GBP,-22.29,1057.52
1911630000000.0,Wednesday,2020-08-05T14:14:47.47,02-51-87,1911631,Business,36390,Debit Card,"Pritchard, Evans-White, Jackson Ltd",Eating out,02-30-55,98568672,United Kingdom,GBP,-15.47,1042.05
1911630000000.0,Thursday,2020-08-06T10:45:50.5,02-51-87,1911631,Business,33538,Debit Card,"Slater-Harris, Peters, Barton, Simpson, Bull LLC",Expenses,02-51-87,105326,United Kingdom,GBP,-59.68,982.37
1911630000000.0,Thursday,2020-08-06T18:17:34.34,02-51-87,1911631,Business,600,Debit Card,"Murphy-Taylor, Jordan-Clark, Johnson, Davies and Francis Ltd",Transport,02-31-13,12469137,United Kingdom,GBP,-117.21,865.16
1911630000000.0,Sunday,2020-08-09T13:39:48.48,02-51-87,1911631,Business,5721,CASH,"Welch, Webb-Kelly, Pope ",General,02-13-67,86362647,United Kingdom,GBP,-80.0,785.16
1911630000000.0,Monday,2020-08-10T09:33:07.07,02-51-87,1911631,Business,19808,Mobile Payment,"Hawkins, Fletcher, Richards, Elliott, Burke, Riley and Dobson LLC",Expenses,02-31-87,8273441,United Kingdom,GBP,-11.67,773.49
1911630000000.0,Monday,2020-08-10T09:33:16.16,02-51-87,1911631,Business,26838,Debit Card,"Swift, McKenzie, Murphy, Roberts, Russell, Cox, Hunter LLC",Eating out,02-41-45,55489776,United Kingdom,GBP,-9.84,763.65
1911630000000.0,Tuesday,2020-08-11T09:30:32.32,02-51-87,1911631,Business,600,Debit Card,"Murphy-Taylor, Jordan-Clark, Johnson, Davies and Francis Ltd",Transport,02-31-13,12469137,United Kingdom,GBP,-119.06,644.6
1911630000000.0,Wednesday,2020-08-12T12:25:21.21,02-51-87,1911631,Business,6708,Debit Card,"Smith-Brooks, Johnson-Harvey, Dobson LLC",Shopping,02-30-75,34229570,United Kingdom,GBP,-37.47,607.13
1911630000000.0,Wednesday,2020-08-12T13:32:01.01,02-51-87,1911631,Business,25620,Debit Card,"Hunt, French, Ward, Cook, Taylor, O'Connor, White, Hill and McDonald LP",Clothing & Footwear,02-31-45,93372926,United Kingdom,GBP,-23.69,583.44
1911630000000.0,Wednesday,2020-08-12T13:38:38.38,02-51-87,1911631,Business,20756,Direct Debit,"Scott, Blackburn, Coleman, Holden, Smith, Murphy, Jones-Harris GP",Income 1,02-31-87,28693416,United Kingdom,GBP,2741.68,3325.12
1911630000000.0,Friday,2020-08-14T11:41:17.17,02-51-87,1911631,Business,25549,Debit Card,"Taylor-McCarthy, Martin, Harding, Marsh, Sykes, Daly and Richardson LLC",Groceries,02-20-87,72548747,United Kingdom,GBP,-29.12,3296.0
1911630000000.0,Friday,2020-08-14T18:05:46.46,02-51-87,1911631,Business,24067,Debit Card,"Cox, Harvey, Cooper LLC",Groceries,02-40-87,82280001,United Kingdom,GBP,-73.76,3222.24
1911630000000.0,Monday,2020-08-17T11:56:50.5,02-51-87,1911631,Business,26313,Debit Card,"Brookes-Dobson, Rogers, Anderson, Wright and Porter Ltd",Expenses,02-21-87,24139390,United Kingdom,GBP,-52.22,3170.02
1911630000000.0,Monday,2020-08-17T13:09:50.5,02-51-87,1911631,Business,39522,Debit Card,"Atkins, Green, Burrows, Dennis and Morgan ",Eating out,02-30-75,57691562,United Kingdom,GBP,-11.64,3158.38
1911630000000.0,Monday,2020-08-17T15:58:54.54,02-51-87,1911631,Business,37290,Debit Card,"Patterson, Wilson, Armstrong, Jackson, Spencer Ltd",Clothing & Footwear,02-51-74,88168213,United Kingdom,GBP,-34.66,3123.71
1911630000000.0,Monday,2020-08-17T16:14:01.01,02-51-87,1911631,Business,10357,Direct Debit,"Greenwood, Carpenter, Marsh-Hunt ",Entertainment,02-53-67,27730255,United Kingdom,GBP,-6.64,3117.07
1911630000000.0,Monday,2020-08-17T18:50:15.15,02-51-87,1911631,Business,385,Direct Debit,"Reid, Ball, Berry, Tomlinson, Sykes-Lamb LLC",Bills,02/10/2028,52750937,United Kingdom,GBP,-233.35,2883.72
1911630000000.0,Tuesday,2020-08-18T16:32:44.44,02-51-87,1911631,Business,17664,Debit Card,"Yates, Roberts-Middleton, Young, Holland and Moss Ltd",Clothing & Footwear,02-41-75,56341231,United Kingdom,GBP,-29.98,2853.74
1911630000000.0,Tuesday,2020-08-18T17:32:12.12,02-51-87,1911631,Business,25549,Debit Card,"Taylor-McCarthy, Martin, Harding, Marsh, Sykes, Daly and Richardson LLC",Groceries,02-20-87,72548747,United Kingdom,GBP,-61.99,2791.75
1911630000000.0,Thursday,2020-08-20T15:40:11.11,02-51-87,1911631,Business,21118,Debit Card,"Hunt, Harper, Dixon, Butler-Dobson, Hill, Faulkner and Fraser ",Expenses,02-41-87,11881702,United Kingdom,GBP,-5.8,2785.96
1911630000000.0,Thursday,2020-08-20T18:19:26.26,02-51-87,1911631,Business,47392,Debit Card,"Parker, Nash, King, Allen, Andrews ","Alcohol, narcotics, tabacco",02-30-75,98479717,United Kingdom,GBP,-7.87,2778.09
1911630000000.0,Friday,2020-08-21T10:28:42.42,02-51-87,1911631,Business,5721,CASH,"Welch, Webb-Kelly, Pope ",General,02-13-67,86362647,United Kingdom,GBP,-40.0,2738.09
1911630000000.0,Friday,2020-08-21T12:06:20.2,02-51-87,1911631,Business,18441,Debit Card,"Andrews, Day-Simpson, Campbell-Jones Ltd",Eating out,02-31-75,54680663,United Kingdom,GBP,-21.46,2716.63
1911630000000.0,Friday,2020-08-21T16:09:59.59,02-51-87,1911631,Business,25549,Debit Card,"Taylor-McCarthy, Martin, Harding, Marsh, Sykes, Daly and Richardson LLC",Groceries,02-20-87,72548747,United Kingdom,GBP,-73.37,2643.26
1911630000000.0,Monday,2020-08-24T11:19:32.32,02-51-87,1911631,Business,43326,Debit Card,"Hill, Thorpe, Hale, Rogers, Turnbull, Smith and Harris ",Family,02-23-69,82321766,United Kingdom,GBP,-104.77,2538.49
1911630000000.0,Monday,2020-08-24T17:59:43.43,02-51-87,1911631,Business,6708,Debit Card,"Smith-Brooks, Johnson-Harvey, Dobson LLC",Shopping,02-30-75,34229570,United Kingdom,GBP,-42.23,2496.26
1911630000000.0,Monday,2020-08-24T19:09:33.33,02-51-87,1911631,Business,24765,Debit Card,"Moore, Connor, Dean, Francis, Grant, Goodwin, Fisher LLC",Eating out,02-50-75,55801269,United Kingdom,GBP,-19.67,2476.59
1911630000000.0,Tuesday,2020-08-25T11:10:45.45,02-51-87,1911631,Business,27007,CASH,"Lowe, Thomas-Brown, Lynch, Daly and Akhtar LLC",General,02-30-43,29531660,United Kingdom,GBP,-30.0,2446.59
1911630000000.0,Wednesday,2020-08-26T13:57:13.13,02-51-87,1911631,Business,27007,CASH,"Lowe, Thomas-Brown, Lynch, Daly and Akhtar LLC",General,02-30-43,29531660,United Kingdom,GBP,-40.0,2406.59
1911630000000.0,Wednesday,2020-08-26T14:27:27.27,02-51-87,1911631,Business,13117,Direct Debit,"Douglas, Barton, Gregory LLC",Entertainment,02-20-55,41970666,United Kingdom,GBP,-5.04,2401.55
1911630000000.0,Thursday,2020-08-27T19:12:00,02-51-87,1911631,Business,37733,Debit Card,"Butcher, Pearce, Atkinson, Power, Miller, Jones, Collins, Pratt and Harrison ",Clothing & Footwear,02-50-75,64955278,United Kingdom,GBP,-28.24,2373.31
1911630000000.0,Friday,2020-08-28T09:37:52.52,02-51-87,1911631,Business,36019,Mobile Payment,"White-Hale, Power-Adams, Baldwin ",Expenses,02-21-87,46359739,United Kingdom,GBP,-50.87,2322.44
1911630000000.0,Monday,2020-08-31T09:32:24.24,02-51-87,1911631,Business,14646,Debit Card,"Johnston, Dickinson, Ahmed LP",Clothing & Footwear,02-31-87,17040374,United Kingdom,GBP,-38.75,2283.69
1911630000000.0,Monday,2020-08-31T15:24:55.55,02-51-87,1911631,Business,43766,Mobile Payment,"Webb-Fraser, Brown, Wood, Archer and Williams Ltd",Expenses,02-31-87,97221623,United Kingdom,GBP,-13.71,2269.98
1911630000000.0,Monday,2020-08-31T17:10:45.45,02-51-87,1911631,Business,43326,Debit Card,"Hill, Thorpe, Hale, Rogers, Turnbull, Smith and Harris ",Family,02-23-69,82321766,United Kingdom,GBP,-133.02,2136.96
1911630000000.0,Monday,2020-08-31T18:27:56.56,02-51-87,1911631,Business,2129,Direct Debit,"Miah, Wright, Stephens, Morgan, Pearson, Brown, Matthews, Ford and Edwards Ltd",Mortgage / Rent,02-40-16,1375721,United Kingdom,GBP,-702.26,1434.7
1911630000000.0,Tuesday,2020-09-01T13:56:21.21,02-51-87,1911631,Business,26313,Debit Card,"Brookes-Dobson, Rogers, Anderson, Wright and Porter Ltd",Expenses,02-21-87,24139390,United Kingdom,GBP,-29.57,1405.13
1911630000000.0,Tuesday,2020-09-01T15:38:18.18,02-51-87,1911631,Business,24067,Debit Card,"Cox, Harvey, Cooper LLC",Groceries,02-40-87,82280001,United Kingdom,GBP,-99.09,1306.04
1911630000000.0,Wednesday,2020-09-02T14:07:35.35,02-51-87,1911631,Business,24067,Debit Card,"Cox, Harvey, Cooper LLC",Groceries,02-40-87,82280001,United Kingdom,GBP,-65.05,1240.99
1911630000000.0,Wednesday,2020-09-02T14:16:13.13,02-51-87,1911631,Business,35626,Debit Card,"Hopkins, Brennan, Bailey, Read, Jackson-Holmes Ltd",Expenses,02-41-87,85871603,United Kingdom,GBP,-48.49,1192.5
1911630000000.0,Thursday,2020-09-03T11:26:27.27,02-51-87,1911631,Business,10357,Direct Debit,"Greenwood, Carpenter, Marsh-Hunt ",Entertainment,02-53-67,27730255,United Kingdom,GBP,-3.28,1189.23
1911630000000.0,Friday,2020-09-04T13:35:28.28,02-51-87,1911631,Business,3304,Debit Card,"Wright, Crawford, Campbell, McCarthy, Carter, Douglas, Brown-Douglas LLC",Shopping,02-21-74,13556298,United Kingdom,GBP,-40.69,1148.53
1911630000000.0,Friday,2020-09-04T16:24:49.49,02-51-87,1911631,Business,13117,Direct Debit,"Douglas, Barton, Gregory LLC",Entertainment,02-20-55,41970666,United Kingdom,GBP,-2.56,1145.98
1911630000000.0,Friday,2020-09-04T17:54:06.06,02-51-87,1911631,Business,33824,Direct Debit,"Griffin, O'Brien, Clark, McDonald-Patel, Smith-Moore ",Entertainment,02-53-67,56426156,United Kingdom,GBP,-2.88,1143.1
1911630000000.0,Monday,2020-09-07T10:37:29.29,02-51-87,1911631,Business,1006,Debit Card,"Cole, Carroll, O'Sullivan, Williams, Poole, Johnson, Lamb-Shaw LLC",Shopping,02-31-45,73393740,United Kingdom,GBP,-28.72,1114.39
1911630000000.0,Monday,2020-09-07T12:00:09.09,02-51-87,1911631,Business,272,Debit Card,"Wyatt, Jones-Cook, Anderson and Sons Ltd",Shopping,02-20-75,64382825,United Kingdom,GBP,-39.74,1074.65
1911630000000.0,Monday,2020-09-07T12:53:00,02-51-87,1911631,Business,5721,CASH,"Welch, Webb-Kelly, Pope ",General,02-13-67,86362647,United Kingdom,GBP,-40.0,1034.65
1911630000000.0,Monday,2020-09-07T13:25:15.15,02-51-87,1911631,Business,10298,Debit Card,"Jones, Mahmood, Barber Co",Clothing & Footwear,02-50-90,33084215,United Kingdom,GBP,-38.24,996.41
1911630000000.0,Tuesday,2020-09-08T11:20:24.24,02-51-87,1911631,Business,600,Debit Card,"Murphy-Taylor, Jordan-Clark, Johnson, Davies and Francis Ltd",Transport,02-31-13,12469137,United Kingdom,GBP,-114.65,881.76
1911630000000.0,Wednesday,2020-09-09T10:06:23.23,02-51-87,1911631,Business,13331,Debit Card,"Smith, Hall, Foster, Gould, Ward and Sons ",Clothing & Footwear,02-51-75,15179213,United Kingdom,GBP,-33.83,847.93
1911630000000.0,Wednesday,2020-09-09T14:19:24.24,02-51-87,1911631,Business,7423,CASH,"Wilkinson, Watson, Armstrong, Henry-Moran, Baker, Thompson and Bond Ltd",General,02-13-67,54193610,United Kingdom,GBP,-70.0,777.93
1911630000000.0,Thursday,2020-09-10T09:47:57.57,02-51-87,1911631,Business,30895,Debit Card,"Douglas, Murray, Dixon, Waters and Shah LLC",Clothing & Footwear,02/11/1945,29690132,United Kingdom,GBP,-26.27,751.66
1911630000000.0,Thursday,2020-09-10T17:01:15.15,02-51-87,1911631,Business,955,Debit Card,"Hill-Wilson, Benson, Brown, Jones, Brookes, Jones and Winter Ltd",Eating out,02-50-55,98543159,United Kingdom,GBP,-14.57,737.09
1911630000000.0,Friday,2020-09-11T18:58:54.54,02-51-87,1911631,Business,43766,Mobile Payment,"Webb-Fraser, Brown, Wood, Archer and Williams Ltd",Expenses,02-31-87,97221623,United Kingdom,GBP,-38.98,698.1
1911630000000.0,Sunday,2020-09-13T18:22:54.54,02-51-87,1911631,Business,7423,CASH,"Wilkinson, Watson, Armstrong, Henry-Moran, Baker, Thompson and Bond Ltd",General,02-13-67,54193610,United Kingdom,GBP,-50.0,648.1
1911630000000.0,Monday,2020-09-14T08:51:48.48,02-51-87,1911631,Business,22261,Debit Card,"Cook, Franklin-Davidson, Miller-Kennedy LLC",Clothing & Footwear,02-21-87,34943243,United Kingdom,GBP,-32.33,615.77
1911630000000.0,Monday,2020-09-14T10:56:38.38,02-51-87,1911631,Business,3137,Debit Card,"Moss, Morgan-Roberts, Jenkins, Turner and Cooper LLC",Shopping,02-51-74,68902758,United Kingdom,GBP,-41.17,574.61
1911630000000.0,Monday,2020-09-14T12:48:58.58,02-51-87,1911631,Business,33538,Debit Card,"Slater-Harris, Peters, Barton, Simpson, Bull LLC",Expenses,02-51-87,105326,United Kingdom,GBP,-6.37,568.24
1911630000000.0,Monday,2020-09-14T12:53:25.25,02-51-87,1911631,Business,43814,Debit Card,"Cooper, Robertson, Stephens Ltd","Alcohol, narcotics, tabacco",02-41-74,79298272,United Kingdom,GBP,-13.16,555.08
1911630000000.0,Monday,2020-09-14T12:53:43.43,02-51-87,1911631,Business,13117,Direct Debit,"Douglas, Barton, Gregory LLC",Entertainment,02-20-55,41970666,United Kingdom,GBP,-4.34,550.75
1911630000000.0,Monday,2020-09-14T13:36:20.2,02-51-87,1911631,Business,13019,Debit Card,"Vaughan-Nelson, Hussain-Hudson, Noble, Adams and Jones Ltd",Eating out,02-21-87,107267,United Kingdom,GBP,-13.8,536.94
1911630000000.0,Monday,2020-09-14T15:34:42.42,02-51-87,1911631,Business,385,Direct Debit,"Reid, Ball, Berry, Tomlinson, Sykes-Lamb LLC",Bills,02/10/2028,52750937,United Kingdom,GBP,-178.46,358.48
1911630000000.0,Monday,2020-09-14T16:56:21.21,02-51-87,1911631,Business,20253,Mobile Payment,"Gilbert, Gallagher, Ahmed, Davies, Poole-Austin ",Expenses,02-41-87,51147265,United Kingdom,GBP,-32.55,325.93
1911630000000.0,Monday,2020-09-14T18:06:29.29,02-51-87,1911631,Business,20756,Direct Debit,"Scott, Blackburn, Coleman, Holden, Smith, Murphy, Jones-Harris GP",Income 1,02-31-87,28693416,United Kingdom,GBP,2813.81,3139.74
1911630000000.0,Monday,2020-09-14T18:16:34.34,02-51-87,1911631,Business,24067,Debit Card,"Cox, Harvey, Cooper LLC",Groceries,02-40-87,82280001,United Kingdom,GBP,-91.56,3048.19
1911630000000.0,Monday,2020-09-14T18:45:22.22,02-51-87,1911631,Business,7423,Debit Card,"Wilkinson, Watson, Armstrong, Henry-Moran, Baker, Thompson and Bond Ltd",Family,02-13-67,54193610,United Kingdom,GBP,-44.41,3003.78
1911630000000.0,Tuesday,2020-09-15T17:07:52.52,02-51-87,1911631,Business,31463,Direct Debit,"Brady-Roberts, Collier, Stokes, Kennedy, Evans LLC",Communication,02-50-87,73613873,United Kingdom,GBP,-19.85,2983.93
1911630000000.0,Wednesday,2020-09-16T10:36:20.2,02-51-87,1911631,Business,25549,Debit Card,"Taylor-McCarthy, Martin, Harding, Marsh, Sykes, Daly and Richardson LLC",Groceries,02-20-87,72548747,United Kingdom,GBP,-75.45,2908.47
1911630000000.0,Wednesday,2020-09-16T11:15:13.13,02-51-87,1911631,Business,25549,Debit Card,"Taylor-McCarthy, Martin, Harding, Marsh, Sykes, Daly and Richardson LLC",Groceries,02-20-87,72548747,United Kingdom,GBP,-92.36,2816.11
1911630000000.0,Friday,2020-09-18T16:41:31.31,02-51-87,1911631,Business,42397,Debit Card,"Price, Young, Adams, Harris and Thorpe Ltd",Eating out,02/11/1945,23248851,United Kingdom,GBP,-10.62,2805.49
1911630000000.0,Sunday,2020-09-20T17:41:08.08,02-51-87,1911631,Business,5721,CASH,"Welch, Webb-Kelly, Pope ",General,02-13-67,86362647,United Kingdom,GBP,-60.0,2745.49
1911630000000.0,Monday,2020-09-21T08:24:43.43,02-51-87,1911631,Business,31463,Direct Debit,"Brady-Roberts, Collier, Stokes, Kennedy, Evans LLC",Communication,02-50-87,73613873,United Kingdom,GBP,-16.84,2728.65
1911630000000.0,Monday,2020-09-21T10:07:06.06,02-51-87,1911631,Business,600,Debit Card,"Murphy-Taylor, Jordan-Clark, Johnson, Davies and Francis Ltd",Transport,02-31-13,12469137,United Kingdom,GBP,-107.12,2621.53
1911630000000.0,Monday,2020-09-21T15:06:37.37,02-51-87,1911631,Business,49430,Debit Card,"Duffy, Blackburn, Lynch, Hall and Brookes LLC","Alcohol, narcotics, tabacco",02-51-75,29114659,United Kingdom,GBP,-16.04,2605.49
1911630000000.0,Monday,2020-09-21T16:17:46.46,02-51-87,1911631,Business,9969,Mobile Payment,"Thomas, Hart, Wright, Jones, Mills and Sons ",Expenses,02-51-87,29552053,United Kingdom,GBP,-8.57,2596.93
1911630000000.0,Monday,2020-09-21T19:03:04.04,02-51-87,1911631,Business,13152,Debit Card,"Woods, Bell, Davidson, Kelly, Miles, Barnes, Clark-Brown Ltd",Clothing & Footwear,02-31-45,11271751,United Kingdom,GBP,-24.26,2572.67
1911630000000.0,Tuesday,2020-09-22T15:21:27.27,02-51-87,1911631,Business,43041,Debit Card,"Warner, Douglas, Richards-Thompson LLC",Eating out,02-31-75,70902214,United Kingdom,GBP,-19.28,2553.38
1911630000000.0,Thursday,2020-09-24T18:16:16.16,02-51-87,1911631,Business,6114,Debit Card,"Chadwick-Wright, Hunt-Jackson, Griffiths-James Ltd",Eating out,02-30-55,5610316,United Kingdom,GBP,-16.54,2536.84
1911630000000.0,Saturday,2020-09-26T18:57:19.19,02-51-87,1911631,Business,27007,CASH,"Lowe, Thomas-Brown, Lynch, Daly and Akhtar LLC",General,02-30-43,29531660,United Kingdom,GBP,-80.0,2456.84
1911630000000.0,Monday,2020-09-28T13:15:45.45,02-51-87,1911631,Business,20798,Debit Card,"Long-Newman, Field, Dawson Ltd",Clothing & Footwear,02-50-90,93594687,United Kingdom,GBP,-39.83,2417.01
1911630000000.0,Tuesday,2020-09-29T18:20:10.1,02-51-87,1911631,Business,26313,Debit Card,"Brookes-Dobson, Rogers, Anderson, Wright and Porter Ltd",Expenses,02-21-87,24139390,United Kingdom,GBP,-35.64,2381.38
1911630000000.0,Wednesday,2020-09-30T14:03:42.42,02-51-87,1911631,Business,2129,Direct Debit,"Miah, Wright, Stephens, Morgan, Pearson, Brown, Matthews, Ford and Edwards Ltd",Mortgage / Rent,02-40-16,1375721,United Kingdom,GBP,-723.97,1657.41
1911630000000.0,Thursday,2020-10-01T09:46:13.13,02-51-87,1911631,Business,44777,Debit Card,"Morris, Roberts, Lewis, Talbot, Palmer-Robertson Ltd","Alcohol, narcotics, tabacco",02-51-75,3663119,United Kingdom,GBP,-10.22,1647.19
1911630000000.0,Thursday,2020-10-01T14:44:18.18,02-51-87,1911631,Business,7201,Debit Card,"Roberts, Nicholson, Moore, Conway-Hill, Wilson, Walker and Evans ",Family,02-30-27,38796033,United Kingdom,GBP,-92.43,1554.76
1911630000000.0,Friday,2020-10-02T15:11:40.4,02-51-87,1911631,Business,27007,CASH,"Lowe, Thomas-Brown, Lynch, Daly and Akhtar LLC",General,02-30-43,29531660,United Kingdom,GBP,-30.0,1524.76
1911630000000.0,Saturday,2020-10-03T17:37:24.24,02-51-87,1911631,Business,27007,CASH,"Lowe, Thomas-Brown, Lynch, Daly and Akhtar LLC",General,02-30-43,29531660,United Kingdom,GBP,-70.0,1454.76
1911630000000.0,Monday,2020-10-05T11:14:56.56,02-51-87,1911631,Business,25549,Debit Card,"Taylor-McCarthy, Martin, Harding, Marsh, Sykes, Daly and Richardson LLC",Groceries,02-20-87,72548747,United Kingdom,GBP,-90.45,1364.31
1911630000000.0,Monday,2020-10-05T12:50:33.33,02-51-87,1911631,Business,10134,Debit Card,"King, Atkinson, Woods, Smith, Turner, Richards, Allen, McCarthy and Morgan ",Shopping,02/10/1975,949882,United Kingdom,GBP,-48.25,1316.06
1911630000000.0,Monday,2020-10-05T19:06:58.58,02-51-87,1911631,Business,26313,Debit Card,"Brookes-Dobson, Rogers, Anderson, Wright and Porter Ltd",Expenses,02-21-87,24139390,United Kingdom,GBP,-43.7,1272.36
1911630000000.0,Monday,2020-10-05T19:11:25.25,02-51-87,1911631,Business,41208,Debit Card,"Cole, Singh, Mills, Woodward, Bennett LP",Eating out,02/10/1975,58663700,United Kingdom,GBP,-21.96,1250.39
1911630000000.0,Tuesday,2020-10-06T12:38:18.18,02-51-87,1911631,Business,9969,Mobile Payment,"Thomas, Hart, Wright, Jones, Mills and Sons ",Expenses,02-51-87,29552053,United Kingdom,GBP,-65.46,1184.93
1911630000000.0,Tuesday,2020-10-06T16:03:04.04,02-51-87,1911631,Business,600,Debit Card,"Murphy-Taylor, Jordan-Clark, Johnson, Davies and Francis Ltd",Transport,02-31-13,12469137,United Kingdom,GBP,-110.41,1074.53
1911630000000.0,Thursday,2020-10-08T08:44:27.27,02-51-87,1911631,Business,1703,Direct Debit,"Read-Atkins, Hall, Goddard, Wallis, Evans, White and Nelson ",Entertainment,02-40-26,16777141,United Kingdom,GBP,-4.82,1069.7
1911630000000.0,Thursday,2020-10-08T12:28:05.05,02-51-87,1911631,Business,24728,Debit Card,"Simpson, Jones, Murphy, Farrell, Roberts, Buckley, Wheeler-West ",Eating out,02-40-55,69856891,United Kingdom,GBP,-24.05,1045.65
1911630000000.0,Thursday,2020-10-08T14:05:51.51,02-51-87,1911631,Business,45558,Direct Debit,"Hooper, Brown, Henry and Sons ",Entertainment,02-23-67,3422356,United Kingdom,GBP,-2.15,1043.5
1911630000000.0,Thursday,2020-10-08T15:34:34.34,02-51-87,1911631,Business,385,Direct Debit,"Reid, Ball, Berry, Tomlinson, Sykes-Lamb LLC",Bills,02/10/2028,52750937,United Kingdom,GBP,-228.24,815.26
1911630000000.0,Friday,2020-10-09T17:00:14.14,02-51-87,1911631,Business,45236,Debit Card,"Carr-Stevenson, Thomson-Morris, Jackson and Sons Ltd","Alcohol, narcotics, tabacco",02-50-75,64720566,United Kingdom,GBP,-9.0,806.26
1911630000000.0,Monday,2020-10-12T08:58:51.51,02-51-87,1911631,Business,1703,Direct Debit,"Read-Atkins, Hall, Goddard, Wallis, Evans, White and Nelson ",Entertainment,02-40-26,16777141,United Kingdom,GBP,-3.29,802.97
1911630000000.0,Monday,2020-10-12T09:12:23.23,02-51-87,1911631,Business,1703,Direct Debit,"Read-Atkins, Hall, Goddard, Wallis, Evans, White and Nelson ",Entertainment,02-40-26,16777141,United Kingdom,GBP,-4.56,798.41
1911630000000.0,Monday,2020-10-12T12:21:10.1,02-51-87,1911631,Business,20756,Direct Debit,"Scott, Blackburn, Coleman, Holden, Smith, Murphy, Jones-Harris GP",Income 1,02-31-87,28693416,United Kingdom,GBP,2820.45,3618.86
1911630000000.0,Wednesday,2020-10-14T10:21:39.39,02-51-87,1911631,Business,25549,Debit Card,"Taylor-McCarthy, Martin, Harding, Marsh, Sykes, Daly and Richardson LLC",Groceries,02-20-87,72548747,United Kingdom,GBP,-85.88,3532.98
1911630000000.0,Wednesday,2020-10-14T10:49:44.44,02-51-87,1911631,Business,21118,Debit Card,"Hunt, Harper, Dixon, Butler-Dobson, Hill, Faulkner and Fraser ",Expenses,02-41-87,11881702,United Kingdom,GBP,-66.13,3466.85
1911630000000.0,Wednesday,2020-10-14T18:48:23.23,02-51-87,1911631,Business,26305,Debit Card,"Richardson-Parry, Campbell, Stevenson, Mitchell, Owen, Marshall and Law ",Clothing & Footwear,02/11/1945,14283791,United Kingdom,GBP,-33.61,3433.25
1911630000000.0,Thursday,2020-10-15T10:51:45.45,02-51-87,1911631,Business,5721,CASH,"Welch, Webb-Kelly, Pope ",General,02-13-67,86362647,United Kingdom,GBP,-60.0,3373.25
1911630000000.0,Friday,2020-10-16T12:53:34.34,02-51-87,1911631,Business,25549,Debit Card,"Taylor-McCarthy, Martin, Harding, Marsh, Sykes, Daly and Richardson LLC",Groceries,02-20-87,72548747,United Kingdom,GBP,-52.28,3320.96
1911630000000.0,Friday,2020-10-16T13:14:44.44,02-51-87,1911631,Business,24053,Debit Card,"Gray, Johnson, Shepherd, Wilson, Brown, Kirby, Cross-Marshall LLC",Clothing & Footwear,02-21-87,14889821,United Kingdom,GBP,-63.1,3257.86
1911630000000.0,Monday,2020-10-19T10:16:54.54,02-51-87,1911631,Business,16784,Debit Card,"Williams, McDonald, Rose, Adams-Ferguson, Taylor ",Eating out,02/11/1975,45868613,United Kingdom,GBP,-15.55,3242.31
1911630000000.0,Monday,2020-10-19T12:13:15.15,02-51-87,1911631,Business,25620,Debit Card,"Hunt, French, Ward, Cook, Taylor, O'Connor, White, Hill and McDonald LP",Clothing & Footwear,02-31-45,93372926,United Kingdom,GBP,-45.87,3196.44
1911630000000.0,Monday,2020-10-19T12:28:48.48,02-51-87,1911631,Business,39906,Debit Card,"Brooks, Webb-Davey, Richardson and Sons LLC",Eating out,02-41-75,87872901,United Kingdom,GBP,-14.14,3182.3
1911630000000.0,Monday,2020-10-19T13:33:10.1,02-51-87,1911631,Business,600,Debit Card,"Murphy-Taylor, Jordan-Clark, Johnson, Davies and Francis Ltd",Transport,02-31-13,12469137,United Kingdom,GBP,-95.11,3087.19
1911630000000.0,Monday,2020-10-19T14:25:26.26,02-51-87,1911631,Individual,478217,Electronic Funds Transfer,Dean Mann,Loan,02/11/1942,22355018,United Kingdom,GBP,-430.0,2657.19
1911630000000.0,Monday,2020-10-19T16:20:56.56,02-51-87,1911631,Business,4698,Debit Card,"Barker, Farrell-Griffin, White ",Shopping,02/11/1974,90971612,United Kingdom,GBP,-37.65,2619.55
1911630000000.0,Thursday,2020-10-22T11:45:53.53,02-51-87,1911631,Business,39894,Direct Debit,"Pearce-Russell, Watts, Wilson, Gibbs, Williams-Jones Ltd",Communication,02/10/1955,489960,United Kingdom,GBP,-12.29,2607.26
1911630000000.0,Thursday,2020-10-22T12:23:37.37,02-51-87,1911631,Business,7201,Debit Card,"Roberts, Nicholson, Moore, Conway-Hill, Wilson, Walker and Evans ",Family,02-30-27,38796033,United Kingdom,GBP,-183.62,2423.65
1911630000000.0,Friday,2020-10-23T14:33:48.48,02-51-87,1911631,Business,24067,Debit Card,"Cox, Harvey, Cooper LLC",Groceries,02-40-87,82280001,United Kingdom,GBP,-91.52,2332.12
1911630000000.0,Friday,2020-10-23T16:56:21.21,02-51-87,1911631,Business,47990,Debit Card,"Carter, Baxter, Scott, Shaw-Storey, Clarke-Cole LLC",Eating out,02-50-55,42822692,United Kingdom,GBP,-22.18,2309.94
1911630000000.0,Monday,2020-10-26T08:49:55.55,02-51-87,1911631,Business,26313,Debit Card,"Brookes-Dobson, Rogers, Anderson, Wright and Porter Ltd",Expenses,02-21-87,24139390,United Kingdom,GBP,-23.07,2286.87
1911630000000.0,Monday,2020-10-26T10:46:25.25,02-51-87,1911631,Business,9969,Mobile Payment,"Thomas, Hart, Wright, Jones, Mills and Sons ",Expenses,02-51-87,29552053,United Kingdom,GBP,-74.3,2212.58
1911630000000.0,Monday,2020-10-26T11:14:38.38,02-51-87,1911631,Business,31463,Direct Debit,"Brady-Roberts, Collier, Stokes, Kennedy, Evans LLC",Communication,02-50-87,73613873,United Kingdom,GBP,-16.9,2195.68
1911630000000.0,Monday,2020-10-26T17:18:23.23,02-51-87,1911631,Business,1758,Debit Card,"Jones, Ali, Carroll, Barker, Ahmed-Humphries ",Shopping,02-51-75,35458455,United Kingdom,GBP,-29.14,2166.54
1911630000000.0,Monday,2020-10-26T17:26:18.18,02-51-87,1911631,Business,28599,Debit Card,"Goddard-Summers, Bishop, Price, French, Williams, Russell and Scott Ltd",Clothing & Footwear,02-51-42,53071627,United Kingdom,GBP,-52.18,2114.36
1911630000000.0,Monday,2020-10-26T18:10:57.57,02-51-87,1911631,Business,7423,CASH,"Wilkinson, Watson, Armstrong, Henry-Moran, Baker, Thompson and Bond Ltd",General,02-13-67,54193610,United Kingdom,GBP,-30.0,2084.36
1911630000000.0,Monday,2020-10-26T18:26:47.47,02-51-87,1911631,Business,33538,Debit Card,"Slater-Harris, Peters, Barton, Simpson, Bull LLC",Expenses,02-51-87,105326,United Kingdom,GBP,-8.34,2076.03
1911630000000.0,Tuesday,2020-10-27T09:20:36.36,02-51-87,1911631,Business,5721,CASH,"Welch, Webb-Kelly, Pope ",General,02-13-67,86362647,United Kingdom,GBP,-20.0,2056.03
1911630000000.0,Tuesday,2020-10-27T18:09:22.22,02-51-87,1911631,Business,42589,Debit Card,"Turner, Campbell, Martin, Williams, Saunders, Murray, Hill-Briggs ","Alcohol, narcotics, tabacco",02-31-74,24937599,United Kingdom,GBP,-3.69,2052.34
1911630000000.0,Wednesday,2020-10-28T12:54:52.52,02-51-87,1911631,Business,43766,Mobile Payment,"Webb-Fraser, Brown, Wood, Archer and Williams Ltd",Expenses,02-31-87,97221623,United Kingdom,GBP,-39.54,2012.79
1911630000000.0,Wednesday,2020-10-28T14:14:12.12,02-51-87,1911631,Business,24067,Debit Card,"Cox, Harvey, Cooper LLC",Groceries,02-40-87,82280001,United Kingdom,GBP,-97.58,1915.21
1911630000000.0,Monday,2020-11-02T10:14:10.1,02-51-87,1911631,Business,1703,Direct Debit,"Read-Atkins, Hall, Goddard, Wallis, Evans, White and Nelson ",Entertainment,02-40-26,16777141,United Kingdom,GBP,-4.12,1911.09
1911630000000.0,Monday,2020-11-02T12:24:03.03,02-51-87,1911631,Business,2129,Direct Debit,"Miah, Wright, Stephens, Morgan, Pearson, Brown, Matthews, Ford and Edwards Ltd",Mortgage / Rent,02-40-16,1375721,United Kingdom,GBP,-713.76,1197.33
1911630000000.0,Monday,2020-11-02T13:07:32.32,02-51-87,1911631,Business,5721,CASH,"Welch, Webb-Kelly, Pope ",General,02-13-67,86362647,United Kingdom,GBP,-80.0,1117.33
1911630000000.0,Wednesday,2020-11-04T10:39:39.39,02-51-87,1911631,Business,20241,Debit Card,"Lewis-Knowles, Wilson, Watkins LLC",Clothing & Footwear,02-21-74,55433785,United Kingdom,GBP,-35.0,1082.33
1911630000000.0,Wednesday,2020-11-04T15:16:42.42,02-51-87,1911631,Business,33538,Debit Card,"Slater-Harris, Peters, Barton, Simpson, Bull LLC",Expenses,02-51-87,105326,United Kingdom,GBP,-13.25,1069.08
1911630000000.0,Thursday,2020-11-05T11:14:56.56,02-51-87,1911631,Business,31463,Direct Debit,"Brady-Roberts, Collier, Stokes, Kennedy, Evans LLC",Communication,02-50-87,73613873,United Kingdom,GBP,-17.17,1051.91
1911630000000.0,Thursday,2020-11-05T11:42:26.26,02-51-87,1911631,Business,26313,Debit Card,"Brookes-Dobson, Rogers, Anderson, Wright and Porter Ltd",Expenses,02-21-87,24139390,United Kingdom,GBP,-45.27,1006.64
1911630000000.0,Thursday,2020-11-05T16:04:57.57,02-51-87,1911631,Business,43346,Debit Card,"Shaw, Robinson, Hill, Morgan-Page, Hooper-Mills LP",Eating out,02-31-75,48278440,United Kingdom,GBP,-30.11,976.54
1911630000000.0,Thursday,2020-11-05T17:59:08.08,02-51-87,1911631,Business,19808,Mobile Payment,"Hawkins, Fletcher, Richards, Elliott, Burke, Riley and Dobson LLC",Expenses,02-31-87,8273441,United Kingdom,GBP,-16.47,960.06
1911630000000.0,Friday,2020-11-06T10:23:57.57,02-51-87,1911631,Business,43326,Debit Card,"Hill, Thorpe, Hale, Rogers, Turnbull, Smith and Harris ",Family,02-23-69,82321766,United Kingdom,GBP,-98.64,861.42
1911630000000.0,Monday,2020-11-09T08:59:51.51,02-51-87,1911631,Business,25549,Debit Card,"Taylor-McCarthy, Martin, Harding, Marsh, Sykes, Daly and Richardson LLC",Groceries,02-20-87,72548747,United Kingdom,GBP,-122.57,738.86
1911630000000.0,Monday,2020-11-09T14:09:19.19,02-51-87,1911631,Business,22974,Debit Card,"Read, Pratt, Carroll, Jenkins, Morris, Brown and Brown Ltd",Expenses,02/11/1987,55360008,United Kingdom,GBP,-43.92,694.93
1911630000000.0,Monday,2020-11-09T18:16:08.08,02-51-87,1911631,Business,43766,Mobile Payment,"Webb-Fraser, Brown, Wood, Archer and Williams Ltd",Expenses,02-31-87,97221623,United Kingdom,GBP,-47.81,647.13
1911630000000.0,Monday,2020-11-09T18:17:08.08,02-51-87,1911631,Business,24067,Debit Card,"Cox, Harvey, Cooper LLC",Groceries,02-40-87,82280001,United Kingdom,GBP,-118.43,528.7
1911630000000.0,Tuesday,2020-11-10T12:27:04.04,02-51-87,1911631,Business,41208,Debit Card,"Cole, Singh, Mills, Woodward, Bennett LP",Eating out,02/10/1975,58663700,United Kingdom,GBP,-13.56,515.14
1911630000000.0,Thursday,2020-11-12T13:26:24.24,02-51-87,1911631,Business,13117,Direct Debit,"Douglas, Barton, Gregory LLC",Entertainment,02-20-55,41970666,United Kingdom,GBP,-3.62,511.52
1911630000000.0,Thursday,2020-11-12T15:58:11.11,02-51-87,1911631,Business,20756,Direct Debit,"Scott, Blackburn, Coleman, Holden, Smith, Murphy, Jones-Harris GP",Income 1,02-31-87,28693416,United Kingdom,GBP,2761.97,3273.49
1911630000000.0,Thursday,2020-11-12T19:02:04.04,02-51-87,1911631,Business,600,Debit Card,"Murphy-Taylor, Jordan-Clark, Johnson, Davies and Francis Ltd",Transport,02-31-13,12469137,United Kingdom,GBP,-104.84,3168.65
1911630000000.0,Friday,2020-11-13T14:37:58.58,02-51-87,1911631,Business,1686,Direct Debit,"Hall, Hill, French, Barker, Peters-Brown ",Entertainment,02/10/1943,25721884,United Kingdom,GBP,-5.09,3163.56
1911630000000.0,Monday,2020-11-16T11:44:01.01,02-51-87,1911631,Business,9532,Debit Card,"Williams, Hammond-Watts, Potter, Bishop and Harris ",Shopping,02-40-75,76598842,United Kingdom,GBP,-22.83,3140.74
1911630000000.0,Monday,2020-11-16T12:34:16.16,02-51-87,1911631,Business,35626,Debit Card,"Hopkins, Brennan, Bailey, Read, Jackson-Holmes Ltd",Expenses,02-41-87,85871603,United Kingdom,GBP,-5.02,3135.72
1911630000000.0,Monday,2020-11-16T14:13:55.55,02-51-87,1911631,Business,14020,Mobile Payment,"Harvey, Dale-Yates, Foster, Price and Hewitt ",Expenses,02-31-87,32442850,United Kingdom,GBP,-45.78,3089.94
1911630000000.0,Monday,2020-11-16T15:38:18.18,02-51-87,1911631,Business,25549,Debit Card,"Taylor-McCarthy, Martin, Harding, Marsh, Sykes, Daly and Richardson LLC",Groceries,02-20-87,72548747,United Kingdom,GBP,-120.77,2969.16
1911630000000.0,Monday,2020-11-16T15:57:36.36,02-51-87,1911631,Business,600,Debit Card,"Murphy-Taylor, Jordan-Clark, Johnson, Davies and Francis Ltd",Transport,02-31-13,12469137,United Kingdom,GBP,-97.01,2872.15
1911630000000.0,Monday,2020-11-16T18:53:34.34,02-51-87,1911631,Business,45558,Direct Debit,"Hooper, Brown, Henry and Sons ",Entertainment,02-23-67,3422356,United Kingdom,GBP,-3.75,2868.41
1911630000000.0,Tuesday,2020-11-17T11:49:21.21,02-51-87,1911631,Business,40958,Debit Card,"O'Neill-Taylor, Fox-Watson, Holmes, Hughes and Bailey Ltd","Alcohol, narcotics, tabacco",02-51-45,87592597,United Kingdom,GBP,-14.29,2854.12
1911630000000.0,Tuesday,2020-11-17T15:11:31.31,02-51-87,1911631,Business,27007,CASH,"Lowe, Thomas-Brown, Lynch, Daly and Akhtar LLC",General,02-30-43,29531660,United Kingdom,GBP,-50.0,2804.12
1911630000000.0,Tuesday,2020-11-17T15:35:51.51,02-51-87,1911631,Business,18441,Debit Card,"Andrews, Day-Simpson, Campbell-Jones Ltd",Eating out,02-31-75,54680663,United Kingdom,GBP,-29.2,2774.92
1911630000000.0,Wednesday,2020-11-18T18:20:18.18,02-51-87,1911631,Business,385,Direct Debit,"Reid, Ball, Berry, Tomlinson, Sykes-Lamb LLC",Bills,02/10/2028,52750937,United Kingdom,GBP,-223.3,2551.62
1911630000000.0,Friday,2020-11-20T11:31:38.38,02-51-87,1911631,Business,20798,Debit Card,"Long-Newman, Field, Dawson Ltd",Clothing & Footwear,02-50-90,93594687,United Kingdom,GBP,-43.52,2508.1
1911630000000.0,Friday,2020-11-20T18:31:06.06,02-51-87,1911631,Business,30895,Debit Card,"Douglas, Murray, Dixon, Waters and Shah LLC",Clothing & Footwear,02/11/1945,29690132,United Kingdom,GBP,-49.45,2458.65
1911630000000.0,Monday,2020-11-23T14:21:50.5,02-51-87,1911631,Business,3116,Debit Card,"Gould, Moss, Knight, James, Davies ",Shopping,02-50-75,48029537,United Kingdom,GBP,-44.09,2414.56
1911630000000.0,Monday,2020-11-23T18:22:36.36,02-51-87,1911631,Business,34557,Debit Card,"Farrell-Quinn, Thompson, Robinson, Watts and Hart ",Clothing & Footwear,02-30-75,77927935,United Kingdom,GBP,-34.07,2380.49
1911630000000.0,Tuesday,2020-11-24T12:50:07.07,02-51-87,1911631,Business,7423,CASH,"Wilkinson, Watson, Armstrong, Henry-Moran, Baker, Thompson and Bond Ltd",General,02-13-67,54193610,United Kingdom,GBP,-60.0,2320.49
1911630000000.0,Tuesday,2020-11-24T14:12:46.46,02-51-87,1911631,Business,27007,CASH,"Lowe, Thomas-Brown, Lynch, Daly and Akhtar LLC",General,02-30-43,29531660,United Kingdom,GBP,-80.0,2240.49
1911630000000.0,Tuesday,2020-11-24T17:43:00,02-51-87,1911631,Business,5361,Debit Card,"Taylor-Allen, Butler, Hodgson and Sons LLC",Expenses,02-21-87,89741435,United Kingdom,GBP,-17.38,2223.11
1911630000000.0,Wednesday,2020-11-25T15:54:26.26,02-51-87,1911631,Business,504,Debit Card,"Walters, Bowen, Khan, Bell, Patel, Smith, Ahmed, Pearce and Webb ",Shopping,02-50-75,10806069,United Kingdom,GBP,-31.55,2191.57
1911630000000.0,Wednesday,2020-11-25T16:50:44.44,02-51-87,1911631,Business,31463,Direct Debit,"Brady-Roberts, Collier, Stokes, Kennedy, Evans LLC",Communication,02-50-87,73613873,United Kingdom,GBP,-7.81,2183.76
1911630000000.0,Thursday,2020-11-26T18:30:49.49,02-51-87,1911631,Business,10134,Debit Card,"King, Atkinson, Woods, Smith, Turner, Richards, Allen, McCarthy and Morgan ",Shopping,02/10/1975,949882,United Kingdom,GBP,-32.46,2151.29
1911630000000.0,Friday,2020-11-27T11:44:53.53,02-51-87,1911631,Business,20330,Debit Card,"Kay, Collins, Green, Jennings, Smith, Davey and White Ltd",Clothing & Footwear,02-31-75,90947255,United Kingdom,GBP,-38.41,2112.88
1911630000000.0,Friday,2020-11-27T13:05:14.14,02-51-87,1911631,Business,43766,Mobile Payment,"Webb-Fraser, Brown, Wood, Archer and Williams Ltd",Expenses,02-31-87,97221623,United Kingdom,GBP,-10.98,2101.9
1911630000000.0,Friday,2020-11-27T13:26:24.24,02-51-87,1911631,Business,45331,Debit Card,"Houghton, White, Johnson, Ford, Gibson, Ross, Manning-Saunders LLC","Alcohol, narcotics, tabacco",02-21-42,82919371,United Kingdom,GBP,-6.48,2095.43
1911630000000.0,Monday,2020-11-30T08:55:15.15,02-51-87,1911631,Business,24067,Debit Card,"Cox, Harvey, Cooper LLC",Groceries,02-40-87,82280001,United Kingdom,GBP,-115.65,1979.78
1911630000000.0,Monday,2020-11-30T10:27:42.42,02-51-87,1911631,Business,2129,Direct Debit,"Miah, Wright, Stephens, Morgan, Pearson, Brown, Matthews, Ford and Edwards Ltd",Mortgage / Rent,02-40-16,1375721,United Kingdom,GBP,-706.54,1273.24
1911630000000.0,Monday,2020-11-30T13:32:27.27,02-51-87,1911631,Business,36390,Debit Card,"Pritchard, Evans-White, Jackson Ltd",Eating out,02-30-55,98568672,United Kingdom,GBP,-33.61,1239.63
1911630000000.0,Tuesday,2020-12-01T12:52:34.34,02-51-87,1911631,Business,36019,Mobile Payment,"White-Hale, Power-Adams, Baldwin ",Expenses,02-21-87,46359739,United Kingdom,GBP,-32.48,1207.15
1911630000000.0,Tuesday,2020-12-01T17:25:44.44,02-51-87,1911631,Business,33538,Debit Card,"Slater-Harris, Peters, Barton, Simpson, Bull LLC",Expenses,02-51-87,105326,United Kingdom,GBP,-30.2,1176.95
1911630000000.0,Tuesday,2020-12-01T18:11:23.23,02-51-87,1911631,Business,20330,Debit Card,"Kay, Collins, Green, Jennings, Smith, Davey and White Ltd",Clothing & Footwear,02-31-75,90947255,United Kingdom,GBP,-46.51,1130.44
1911630000000.0,Tuesday,2020-12-01T18:13:49.49,02-51-87,1911631,Business,33538,Debit Card,"Slater-Harris, Peters, Barton, Simpson, Bull LLC",Expenses,02-51-87,105326,United Kingdom,GBP,-25.61,1104.83
1911630000000.0,Tuesday,2020-12-01T19:06:49.49,02-51-87,1911631,Business,6708,Debit Card,"Smith-Brooks, Johnson-Harvey, Dobson LLC",Shopping,02-30-75,34229570,United Kingdom,GBP,-31.31,1073.52
1911630000000.0,Wednesday,2020-12-02T18:40:54.54,02-51-87,1911631,Business,35626,Debit Card,"Hopkins, Brennan, Bailey, Read, Jackson-Holmes Ltd",Expenses,02-41-87,85871603,United Kingdom,GBP,-33.94,1039.58
1911630000000.0,Thursday,2020-12-03T17:57:33.33,02-51-87,1911631,Business,43766,Mobile Payment,"Webb-Fraser, Brown, Wood, Archer and Williams Ltd",Expenses,02-31-87,97221623,United Kingdom,GBP,-12.66,1026.92
1911630000000.0,Friday,2020-12-04T11:30:55.55,02-51-87,1911631,Business,27007,CASH,"Lowe, Thomas-Brown, Lynch, Daly and Akhtar LLC",General,02-30-43,29531660,United Kingdom,GBP,-80.0,946.92
1911630000000.0,Friday,2020-12-04T14:11:02.02,02-51-87,1911631,Business,24067,Debit Card,"Cox, Harvey, Cooper LLC",Groceries,02-40-87,82280001,United Kingdom,GBP,-66.8,880.13
1911630000000.0,Monday,2020-12-07T12:12:49.49,02-51-87,1911631,Business,18441,Debit Card,"Andrews, Day-Simpson, Campbell-Jones Ltd",Eating out,02-31-75,54680663,United Kingdom,GBP,-9.5,870.63
1911630000000.0,Monday,2020-12-07T12:12:58.58,02-51-87,1911631,Business,25549,Debit Card,"Taylor-McCarthy, Martin, Harding, Marsh, Sykes, Daly and Richardson LLC",Groceries,02-20-87,72548747,United Kingdom,GBP,-98.18,772.45
1911630000000.0,Monday,2020-12-07T17:01:32.32,02-51-87,1911631,Business,26313,Debit Card,"Brookes-Dobson, Rogers, Anderson, Wright and Porter Ltd",Expenses,02-21-87,24139390,United Kingdom,GBP,-6.93,765.52
1911630000000.0,Monday,2020-12-07T18:22:54.54,02-51-87,1911631,Business,47580,Debit Card,"Naylor-Martin, Carter, Harris ","Alcohol, narcotics, tabacco",02-51-75,14015409,United Kingdom,GBP,-1.58,763.93
1911630000000.0,Monday,2020-12-07T18:36:09.09,02-51-87,1911631,Business,40023,Debit Card,"Lee-Edwards, Weston-Cooper, Collins, Jones and Griffiths LLC","Alcohol, narcotics, tabacco",02-21-45,60550911,United Kingdom,GBP,-3.89,760.04
1911630000000.0,Tuesday,2020-12-08T13:54:29.29,02-51-87,1911631,Business,39522,Debit Card,"Atkins, Green, Burrows, Dennis and Morgan ",Eating out,02-30-75,57691562,United Kingdom,GBP,-8.39,751.65
1911630000000.0,Tuesday,2020-12-08T15:28:48.48,02-51-87,1911631,Business,27007,CASH,"Lowe, Thomas-Brown, Lynch, Daly and Akhtar LLC",General,02-30-43,29531660,United Kingdom,GBP,-30.0,721.65
1911630000000.0,Tuesday,2020-12-08T17:39:16.16,02-51-87,1911631,Business,5721,CASH,"Welch, Webb-Kelly, Pope ",General,02-13-67,86362647,United Kingdom,GBP,-30.0,691.65
1911630000000.0,Wednesday,2020-12-09T09:50:59.59,02-51-87,1911631,Business,1613,Debit Card,"Gilbert, Crawford, Gray and Sons LLC",Shopping,02-41-42,60225609,United Kingdom,GBP,-58.71,632.94
1911630000000.0,Friday,2020-12-11T14:02:24.24,02-51-87,1911631,Business,41193,Debit Card,"Wright, Mitchell-Watkins, Buckley, O'Neill and Williams LLC","Alcohol, narcotics, tabacco",02-21-45,12229137,United Kingdom,GBP,-3.79,629.15
1911630000000.0,Friday,2020-12-11T18:48:32.32,02-51-87,1911631,Business,45558,Direct Debit,"Hooper, Brown, Henry and Sons ",Entertainment,02-23-67,3422356,United Kingdom,GBP,-2.18,626.97
1911630000000.0,Monday,2020-12-14T12:54:52.52,02-51-87,1911631,Business,24067,Debit Card,"Cox, Harvey, Cooper LLC",Groceries,02-40-87,82280001,United Kingdom,GBP,-32.23,594.74
1911630000000.0,Monday,2020-12-14T13:12:09.09,02-51-87,1911631,Business,47990,Debit Card,"Carter, Baxter, Scott, Shaw-Storey, Clarke-Cole LLC",Eating out,02-50-55,42822692,United Kingdom,GBP,-22.77,571.97
1911630000000.0,Monday,2020-12-14T14:26:27.27,02-51-87,1911631,Business,600,Debit Card,"Murphy-Taylor, Jordan-Clark, Johnson, Davies and Francis Ltd",Transport,02-31-13,12469137,United Kingdom,GBP,-101.44,470.53
1911630000000.0,Monday,2020-12-14T15:25:29.29,02-51-87,1911631,Business,19808,Mobile Payment,"Hawkins, Fletcher, Richards, Elliott, Burke, Riley and Dobson LLC",Expenses,02-31-87,8273441,United Kingdom,GBP,-32.09,438.44
1911630000000.0,Monday,2020-12-14T16:32:53.53,02-51-87,1911631,Business,25174,Debit Card,"Williams-Kelly, Saunders-Kelly, Yates ",Clothing & Footwear,02-51-45,46692636,United Kingdom,GBP,-52.06,386.38
1911630000000.0,Monday,2020-12-14T17:21:59.59,02-51-87,1911631,Business,33538,Debit Card,"Slater-Harris, Peters, Barton, Simpson, Bull LLC",Expenses,02-51-87,105326,United Kingdom,GBP,-33.13,353.25
1911630000000.0,Monday,2020-12-14T18:17:08.08,02-51-87,1911631,Business,20756,Direct Debit,"Scott, Blackburn, Coleman, Holden, Smith, Murphy, Jones-Harris GP",Income 1,02-31-87,28693416,United Kingdom,GBP,2841.42,3194.67
1911630000000.0,Monday,2020-12-14T18:18:35.35,02-51-87,1911631,Business,600,Debit Card,"Murphy-Taylor, Jordan-Clark, Johnson, Davies and Francis Ltd",Transport,02-31-13,12469137,United Kingdom,GBP,-115.88,3078.79
1911630000000.0,Monday,2020-12-14T18:57:53.53,02-51-87,1911631,Business,42589,Debit Card,"Turner, Campbell, Martin, Williams, Saunders, Murray, Hill-Briggs ","Alcohol, narcotics, tabacco",02-31-74,24937599,United Kingdom,GBP,-2.42,3076.37
1911630000000.0,Tuesday,2020-12-15T13:14:18.18,02-51-87,1911631,Business,1703,Direct Debit,"Read-Atkins, Hall, Goddard, Wallis, Evans, White and Nelson ",Entertainment,02-40-26,16777141,United Kingdom,GBP,-2.61,3073.76
1911630000000.0,Wednesday,2020-12-16T17:26:18.18,02-51-87,1911631,Business,23561,Debit Card,"Nolan, Martin, Kemp, Walker, Phillips LLC",Clothing & Footwear,02-41-75,76313528,United Kingdom,GBP,-41.76,3032.0
1911630000000.0,Thursday,2020-12-17T11:21:24.24,02-51-87,1911631,Business,24067,Debit Card,"Cox, Harvey, Cooper LLC",Groceries,02-40-87,82280001,United Kingdom,GBP,-29.33,3002.67
1911630000000.0,Thursday,2020-12-17T17:54:49.49,02-51-87,1911631,Business,47088,Debit Card,"Bailey, Dixon-Holt, Tucker, Walton and Saunders LLC","Alcohol, narcotics, tabacco",02-51-74,21636861,United Kingdom,GBP,-1.9,3000.77
1911630000000.0,Friday,2020-12-18T10:17:37.37,02-51-87,1911631,Business,19808,Mobile Payment,"Hawkins, Fletcher, Richards, Elliott, Burke, Riley and Dobson LLC",Expenses,02-31-87,8273441,United Kingdom,GBP,-14.65,2986.13
1911630000000.0,Friday,2020-12-18T13:59:57.57,02-51-87,1911631,Business,47855,Debit Card,"Connolly, Shah, Brown, Smith, Williams Ltd",Family,02-53-37,77326216,United Kingdom,GBP,-73.08,2913.05
1911630000000.0,Friday,2020-12-18T17:27:27.27,02-51-87,1911631,Business,33538,Debit Card,"Slater-Harris, Peters, Barton, Simpson, Bull LLC",Expenses,02-51-87,105326,United Kingdom,GBP,-12.19,2900.86
1911630000000.0,Sunday,2020-12-20T15:34:34.34,02-51-87,1911631,Business,5721,CASH,"Welch, Webb-Kelly, Pope ",General,02-13-67,86362647,United Kingdom,GBP,-90.0,2810.86
1911630000000.0,Monday,2020-12-21T08:25:44.44,02-51-87,1911631,Business,25549,Debit Card,"Taylor-McCarthy, Martin, Harding, Marsh, Sykes, Daly and Richardson LLC",Groceries,02-20-87,72548747,United Kingdom,GBP,-99.53,2711.32
1911630000000.0,Monday,2020-12-21T09:38:10.1,02-51-87,1911631,Business,39522,Debit Card,"Atkins, Green, Burrows, Dennis and Morgan ",Eating out,02-30-75,57691562,United Kingdom,GBP,-7.64,2703.68
1911630000000.0,Monday,2020-12-21T16:04:22.22,02-51-87,1911631,Business,26313,Debit Card,"Brookes-Dobson, Rogers, Anderson, Wright and Porter Ltd",Expenses,02-21-87,24139390,United Kingdom,GBP,-15.01,2688.67
1911630000000.0,Monday,2020-12-21T19:06:49.49,02-51-87,1911631,Business,26313,Debit Card,"Brookes-Dobson, Rogers, Anderson, Wright and Porter Ltd",Expenses,02-21-87,24139390,United Kingdom,GBP,-28.19,2660.48
1911630000000.0,Tuesday,2020-12-22T13:39:13.13,02-51-87,1911631,Business,39894,Direct Debit,"Pearce-Russell, Watts, Wilson, Gibbs, Williams-Jones Ltd",Communication,02/10/1955,489960,United Kingdom,GBP,-21.03,2639.45
1911630000000.0,Tuesday,2020-12-22T15:01:18.18,02-51-87,1911631,Business,43326,Debit Card,"Hill, Thorpe, Hale, Rogers, Turnbull, Smith and Harris ",Family,02-23-69,82321766,United Kingdom,GBP,-95.12,2544.33
1911630000000.0,Wednesday,2020-12-23T12:08:04.04,02-51-87,1911631,Business,39894,Direct Debit,"Pearce-Russell, Watts, Wilson, Gibbs, Williams-Jones Ltd",Communication,02/10/1955,489960,United Kingdom,GBP,-10.77,2533.56
1911630000000.0,Wednesday,2020-12-23T19:04:31.31,02-51-87,1911631,Business,22974,Debit Card,"Read, Pratt, Carroll, Jenkins, Morris, Brown and Brown Ltd",Expenses,02/11/1987,55360008,United Kingdom,GBP,-25.26,2508.3
1911630000000.0,Thursday,2020-12-24T10:28:16.16,02-51-87,1911631,Business,43730,Debit Card,"Watkins, Bennett-Taylor, Parry-Houghton Ltd",Eating out,02-21-75,12650220,United Kingdom,GBP,-12.44,2495.86
1911630000000.0,Thursday,2020-12-24T18:10:57.57,02-51-87,1911631,Business,14020,Mobile Payment,"Harvey, Dale-Yates, Foster, Price and Hewitt ",Expenses,02-31-87,32442850,United Kingdom,GBP,-26.51,2469.35
1911630000000.0,Thursday,2020-12-24T19:05:57.57,02-51-87,1911631,Business,385,Direct Debit,"Reid, Ball, Berry, Tomlinson, Sykes-Lamb LLC",Bills,02/10/2028,52750937,United Kingdom,GBP,-172.35,2297.0
1911630000000.0,Friday,2020-12-25T17:38:59.59,02-51-87,1911631,Business,10357,Direct Debit,"Greenwood, Carpenter, Marsh-Hunt ",Entertainment,02-53-67,27730255,United Kingdom,GBP,-5.34,2291.66
1911630000000.0,Monday,2020-12-28T08:32:38.38,02-51-87,1911631,Business,20039,Debit Card,"Rogers, Webb, Hurst, Jackson, Taylor, Pope, Stokes and Sons LLP",Eating out,02-30-55,38090074,United Kingdom,GBP,-8.0,2283.66
1911630000000.0,Monday,2020-12-28T12:28:31.31,02-51-87,1911631,Business,45331,Debit Card,"Houghton, White, Johnson, Ford, Gibson, Ross, Manning-Saunders LLC","Alcohol, narcotics, tabacco",02-21-42,82919371,United Kingdom,GBP,-4.96,2278.7
1911630000000.0,Monday,2020-12-28T12:46:13.13,02-51-87,1911631,Business,13117,Direct Debit,"Douglas, Barton, Gregory LLC",Entertainment,02-20-55,41970666,United Kingdom,GBP,-2.07,2276.63
1911630000000.0,Tuesday,2020-12-29T18:35:51.51,02-51-87,1911631,Business,6708,Debit Card,"Smith-Brooks, Johnson-Harvey, Dobson LLC",Shopping,02-30-75,34229570,United Kingdom,GBP,-42.64,2233.99
1911630000000.0,Wednesday,2020-12-30T10:38:38.38,02-51-87,1911631,Business,30635,Debit Card,"Marsh, Ford, Davies, Lawrence, Hartley Ltd",Clothing & Footwear,02/11/1974,38347809,United Kingdom,GBP,-50.34,2183.65
1911630000000.0,Thursday,2020-12-31T08:53:05.05,02-51-87,1911631,Business,43766,Mobile Payment,"Webb-Fraser, Brown, Wood, Archer and Williams Ltd",Expenses,02-31-87,97221623,United Kingdom,GBP,-10.59,2173.06
1911630000000.0,Thursday,2020-12-31T10:00:03.03,02-51-87,1911631,Business,2129,Direct Debit,"Miah, Wright, Stephens, Morgan, Pearson, Brown, Matthews, Ford and Edwards Ltd",Mortgage / Rent,02-40-16,1375721,United Kingdom,GBP,-713.42,1459.64
1911630000000.0,Friday,2021-01-01T10:25:15.15,02-51-87,1911631,Business,7882,Debit Card,"Houghton-Fowler, Chapman, Walton, Hooper, Wilson, Bell and Thompson Ltd",Shopping,02-41-45,98493725,United Kingdom,GBP,-18.61,1441.04
1911630000000.0,Friday,2021-01-01T12:04:36.36,02-51-87,1911631,Business,5721,CASH,"Welch, Webb-Kelly, Pope ",General,02-13-67,86362647,United Kingdom,GBP,-40.0,1401.04
1911630000000.0,Tuesday,2021-01-05T09:14:33.33,02-51-87,1911631,Business,21118,Debit Card,"Hunt, Harper, Dixon, Butler-Dobson, Hill, Faulkner and Fraser ",Expenses,02-41-87,11881702,United Kingdom,GBP,-6.83,1394.2
1911630000000.0,Tuesday,2021-01-05T14:37:32.32,02-51-87,1911631,Business,34016,Debit Card,"Dean-Morley, Riley-Anderson, Martin Ltd",Clothing & Footwear,02-41-74,21129189,United Kingdom,GBP,-121.19,1273.02
1911630000000.0,Thursday,2021-01-07T12:58:19.19,02-51-87,1911631,Business,24067,Debit Card,"Cox, Harvey, Cooper LLC",Groceries,02-40-87,82280001,United Kingdom,GBP,-139.99,1133.03
1911630000000.0,Thursday,2021-01-07T18:56:44.44,02-51-87,1911631,Business,25549,Debit Card,"Taylor-McCarthy, Martin, Harding, Marsh, Sykes, Daly and Richardson LLC",Groceries,02-20-87,72548747,United Kingdom,GBP,-39.03,1094.0
1911630000000.0,Monday,2021-01-11T14:46:45.45,02-51-87,1911631,Business,33824,Direct Debit,"Griffin, O'Brien, Clark, McDonald-Patel, Smith-Moore ",Entertainment,02-53-67,56426156,United Kingdom,GBP,-4.76,1089.24
1911630000000.0,Monday,2021-01-11T15:54:09.09,02-51-87,1911631,Business,600,Debit Card,"Murphy-Taylor, Jordan-Clark, Johnson, Davies and Francis Ltd",Transport,02-31-13,12469137,United Kingdom,GBP,-108.82,980.42
1911630000000.0,Monday,2021-01-11T17:00:58.58,02-51-87,1911631,Business,10357,Direct Debit,"Greenwood, Carpenter, Marsh-Hunt ",Entertainment,02-53-67,27730255,United Kingdom,GBP,-3.04,977.38
1911630000000.0,Tuesday,2021-01-12T11:44:36.36,02-51-87,1911631,Business,43337,Debit Card,"Hamilton-Grant, Cooper, Roberts Ltd","Alcohol, narcotics, tabacco",02-30-75,89839481,United Kingdom,GBP,-12.16,965.22
1911630000000.0,Tuesday,2021-01-12T15:24:55.55,02-51-87,1911631,Business,20253,Mobile Payment,"Gilbert, Gallagher, Ahmed, Davies, Poole-Austin ",Expenses,02-41-87,51147265,United Kingdom,GBP,-42.48,922.74
1911630000000.0,Tuesday,2021-01-12T15:59:54.54,02-51-87,1911631,Business,20756,Direct Debit,"Scott, Blackburn, Coleman, Holden, Smith, Murphy, Jones-Harris GP",Income 1,02-31-87,28693416,United Kingdom,GBP,2835.06,3757.8
1911630000000.0,Thursday,2021-01-14T08:31:47.47,02-51-87,1911631,Business,45558,Direct Debit,"Hooper, Brown, Henry and Sons ",Entertainment,02-23-67,3422356,United Kingdom,GBP,-3.06,3754.74
1911630000000.0,Thursday,2021-01-14T12:22:02.02,02-51-87,1911631,Business,39894,Direct Debit,"Pearce-Russell, Watts, Wilson, Gibbs, Williams-Jones Ltd",Communication,02/10/1955,489960,United Kingdom,GBP,-20.9,3733.85
1911630000000.0,Friday,2021-01-15T12:28:05.05,02-51-87,1911631,Business,33538,Debit Card,"Slater-Harris, Peters, Barton, Simpson, Bull LLC",Expenses,02-51-87,105326,United Kingdom,GBP,-20.36,3713.49
1911630000000.0,Monday,2021-01-18T08:41:25.25,02-51-87,1911631,Business,36699,Debit Card,"Morley, Jones, King, Lambert, Wright, Parry, Lee ",Eating out,02-41-87,67213348,United Kingdom,GBP,-31.89,3681.6
1911630000000.0,Monday,2021-01-18T17:36:14.14,02-51-87,1911631,Business,7480,Debit Card,"Murray, Williams, Nelson, James and Metcalfe LLC",Shopping,02-41-45,71070884,United Kingdom,GBP,-34.59,3647.02
1911630000000.0,Monday,2021-01-18T18:53:00,02-51-87,1911631,Business,22261,Debit Card,"Cook, Franklin-Davidson, Miller-Kennedy LLC",Clothing & Footwear,02-21-87,34943243,United Kingdom,GBP,-77.03,3569.99
1911630000000.0,Tuesday,2021-01-19T13:12:26.26,02-51-87,1911631,Business,27007,CASH,"Lowe, Thomas-Brown, Lynch, Daly and Akhtar LLC",General,02-30-43,29531660,United Kingdom,GBP,-30.0,3539.99
1911630000000.0,Tuesday,2021-01-19T18:54:35.35,02-51-87,1911631,Business,24067,Debit Card,"Cox, Harvey, Cooper LLC",Groceries,02-40-87,82280001,United Kingdom,GBP,-31.64,3508.35
1911630000000.0,Wednesday,2021-01-20T08:27:01.01,02-51-87,1911631,Business,385,Direct Debit,"Reid, Ball, Berry, Tomlinson, Sykes-Lamb LLC",Bills,02/10/2028,52750937,United Kingdom,GBP,-153.54,3354.81
1911630000000.0,Wednesday,2021-01-20T12:25:38.38,02-51-87,1911631,Business,24067,Debit Card,"Cox, Harvey, Cooper LLC",Groceries,02-40-87,82280001,United Kingdom,GBP,-116.78,3238.03
1911630000000.0,Wednesday,2021-01-20T13:13:35.35,02-51-87,1911631,Business,36019,Mobile Payment,"White-Hale, Power-Adams, Baldwin ",Expenses,02-21-87,46359739,United Kingdom,GBP,-86.36,3151.67
1911630000000.0,Thursday,2021-01-21T09:25:12.12,02-51-87,1911631,Business,1686,Direct Debit,"Hall, Hill, French, Barker, Peters-Brown ",Entertainment,02/10/1943,25721884,United Kingdom,GBP,-3.29,3148.39
1911630000000.0,Thursday,2021-01-21T10:20:30.3,02-51-87,1911631,Business,31463,Direct Debit,"Brady-Roberts, Collier, Stokes, Kennedy, Evans LLC",Communication,02-50-87,73613873,United Kingdom,GBP,-25.58,3122.81
1911630000000.0,Friday,2021-01-22T08:53:48.48,02-51-87,1911631,Business,7423,CASH,"Wilkinson, Watson, Armstrong, Henry-Moran, Baker, Thompson and Bond Ltd",General,02-13-67,54193610,United Kingdom,GBP,-50.0,3072.81
1911630000000.0,Friday,2021-01-22T13:26:24.24,02-51-87,1911631,Business,43326,Debit Card,"Hill, Thorpe, Hale, Rogers, Turnbull, Smith and Harris ",Family,02-23-69,82321766,United Kingdom,GBP,-413.35,2659.46
1911630000000.0,Friday,2021-01-22T16:21:48.48,02-51-87,1911631,Business,42449,Debit Card,"Hunter-Murray, Johnson-Marshall, Walton, Williamson and Foster ","Alcohol, narcotics, tabacco",02-51-75,25858212,United Kingdom,GBP,-16.25,2643.21
1911630000000.0,Sunday,2021-01-24T13:55:21.21,02-51-87,1911631,Business,7423,CASH,"Wilkinson, Watson, Armstrong, Henry-Moran, Baker, Thompson and Bond Ltd",General,02-13-67,54193610,United Kingdom,GBP,-40.0,2603.21
1911630000000.0,Monday,2021-01-25T09:39:27.27,02-51-87,1911631,Business,3304,Debit Card,"Wright, Crawford, Campbell, McCarthy, Carter, Douglas, Brown-Douglas LLC",Shopping,02-21-74,13556298,United Kingdom,GBP,-16.86,2586.35
1911630000000.0,Monday,2021-01-25T12:12:23.23,02-51-87,1911631,Business,39522,Debit Card,"Atkins, Green, Burrows, Dennis and Morgan ",Eating out,02-30-75,57691562,United Kingdom,GBP,-25.95,2560.39
1911630000000.0,Monday,2021-01-25T12:35:34.34,02-51-87,1911631,Business,600,Debit Card,"Murphy-Taylor, Jordan-Clark, Johnson, Davies and Francis Ltd",Transport,02-31-13,12469137,United Kingdom,GBP,-97.43,2462.97
1911630000000.0,Monday,2021-01-25T13:03:04.04,02-51-87,1911631,Individual,478217,Electronic Funds Transfer,Dean Mann,Loan,02/11/1942,22355018,United Kingdom,GBP,-300.0,2162.97
1911630000000.0,Tuesday,2021-01-26T18:57:19.19,02-51-87,1911631,Business,3137,Debit Card,"Moss, Morgan-Roberts, Jenkins, Turner and Cooper LLC",Shopping,02-51-74,68902758,United Kingdom,GBP,-17.64,2145.32
1911630000000.0,Wednesday,2021-01-27T13:59:57.57,02-51-87,1911631,Business,43766,Mobile Payment,"Webb-Fraser, Brown, Wood, Archer and Williams Ltd",Expenses,02-31-87,97221623,United Kingdom,GBP,-46.76,2098.57
1911630000000.0,Thursday,2021-01-28T13:31:35.35,02-51-87,1911631,Business,7480,Debit Card,"Murray, Williams, Nelson, James and Metcalfe LLC",Shopping,02-41-45,71070884,United Kingdom,GBP,-25.34,2073.23
1911630000000.0,Friday,2021-01-29T09:17:08.08,02-51-87,1911631,Business,7465,Debit Card,"Potter, Noble-Robinson, Barnes-Jones LLP",Eating out,02-41-75,62897241,United Kingdom,GBP,-44.07,2029.16
1911630000000.0,Sunday,2021-01-31T18:37:00,02-51-87,1911631,Business,7423,CASH,"Wilkinson, Watson, Armstrong, Henry-Moran, Baker, Thompson and Bond Ltd",General,02-13-67,54193610,United Kingdom,GBP,-30.0,1999.16
1911630000000.0,Monday,2021-02-01T09:10:39.39,02-51-87,1911631,Business,21118,Debit Card,"Hunt, Harper, Dixon, Butler-Dobson, Hill, Faulkner and Fraser ",Expenses,02-41-87,11881702,United Kingdom,GBP,-18.93,1980.23
1911630000000.0,Monday,2021-02-01T15:47:23.23,02-51-87,1911631,Business,9969,Mobile Payment,"Thomas, Hart, Wright, Jones, Mills and Sons ",Expenses,02-51-87,29552053,United Kingdom,GBP,-27.24,1952.99
1911630000000.0,Monday,2021-02-01T17:50:12.12,02-51-87,1911631,Business,2129,Direct Debit,"Miah, Wright, Stephens, Morgan, Pearson, Brown, Matthews, Ford and Edwards Ltd",Mortgage / Rent,02-40-16,1375721,United Kingdom,GBP,-697.91,1255.08
1911630000000.0,Tuesday,2021-02-02T11:10:11.11,02-51-87,1911631,Business,43337,Debit Card,"Hamilton-Grant, Cooper, Roberts Ltd","Alcohol, narcotics, tabacco",02-30-75,89839481,United Kingdom,GBP,-11.55,1243.53
1911630000000.0,Tuesday,2021-02-02T11:19:24.24,02-51-87,1911631,Business,24067,Debit Card,"Cox, Harvey, Cooper LLC",Groceries,02-40-87,82280001,United Kingdom,GBP,-43.63,1199.9
1911630000000.0,Tuesday,2021-02-02T17:35:40.4,02-51-87,1911631,Business,36390,Debit Card,"Pritchard, Evans-White, Jackson Ltd",Eating out,02-30-55,98568672,United Kingdom,GBP,-26.45,1173.45
1911630000000.0,Thursday,2021-02-04T18:15:42.42,02-51-87,1911631,Business,385,Direct Debit,"Reid, Ball, Berry, Tomlinson, Sykes-Lamb LLC",Bills,02/10/2028,52750937,United Kingdom,GBP,-194.71,978.74
1911630000000.0,Friday,2021-02-05T09:59:28.28,02-51-87,1911631,Business,43766,Mobile Payment,"Webb-Fraser, Brown, Wood, Archer and Williams Ltd",Expenses,02-31-87,97221623,United Kingdom,GBP,-58.66,920.08
1911630000000.0,Friday,2021-02-05T11:52:57.57,02-51-87,1911631,Business,37290,Debit Card,"Patterson, Wilson, Armstrong, Jackson, Spencer Ltd",Clothing & Footwear,02-51-74,88168213,United Kingdom,GBP,-139.55,780.53
1911630000000.0,Monday,2021-02-08T10:44:15.15,02-51-87,1911631,Business,7201,Debit Card,"Roberts, Nicholson, Moore, Conway-Hill, Wilson, Walker and Evans ",Family,02-30-27,38796033,United Kingdom,GBP,-26.17,754.36
1911630000000.0,Monday,2021-02-08T10:54:29.29,02-51-87,1911631,Business,3304,Debit Card,"Wright, Crawford, Campbell, McCarthy, Carter, Douglas, Brown-Douglas LLC",Shopping,02-21-74,13556298,United Kingdom,GBP,-41.84,712.52
1911630000000.0,Monday,2021-02-08T12:13:32.32,02-51-87,1911631,Business,600,Debit Card,"Murphy-Taylor, Jordan-Clark, Johnson, Davies and Francis Ltd",Transport,02-31-13,12469137,United Kingdom,GBP,-95.68,616.84
1911630000000.0,Monday,2021-02-08T12:34:42.42,02-51-87,1911631,Business,39522,Debit Card,"Atkins, Green, Burrows, Dennis and Morgan ",Eating out,02-30-75,57691562,United Kingdom,GBP,-14.18,602.66
1911630000000.0,Monday,2021-02-08T16:33:53.53,02-51-87,1911631,Business,600,Debit Card,"Murphy-Taylor, Jordan-Clark, Johnson, Davies and Francis Ltd",Transport,02-31-13,12469137,United Kingdom,GBP,-96.47,506.19
1911630000000.0,Monday,2021-02-08T18:49:32.32,02-51-87,1911631,Business,7882,Debit Card,"Houghton-Fowler, Chapman, Walton, Hooper, Wilson, Bell and Thompson Ltd",Shopping,02-41-45,98493725,United Kingdom,GBP,-21.2,485.0
1911630000000.0,Tuesday,2021-02-09T17:39:33.33,02-51-87,1911631,Business,28760,Direct Debit,"Jackson, Hill, Begum, Armstrong-Brown, Barnes-Sutton LLC",Entertainment,02/10/2026,34622755,United Kingdom,GBP,-3.44,481.56
1911630000000.0,Thursday,2021-02-11T10:07:15.15,02-51-87,1911631,Business,35626,Debit Card,"Hopkins, Brennan, Bailey, Read, Jackson-Holmes Ltd",Expenses,02-41-87,85871603,United Kingdom,GBP,-74.2,407.37
1911630000000.0,Thursday,2021-02-11T10:21:30.3,02-51-87,1911631,Business,504,Debit Card,"Walters, Bowen, Khan, Bell, Patel, Smith, Ahmed, Pearce and Webb ",Shopping,02-50-75,10806069,United Kingdom,GBP,-37.62,369.75
1911630000000.0,Thursday,2021-02-11T15:06:20.2,02-51-87,1911631,Business,7423,CASH,"Wilkinson, Watson, Armstrong, Henry-Moran, Baker, Thompson and Bond Ltd",General,02-13-67,54193610,United Kingdom,GBP,-30.0,339.75
1911630000000.0,Friday,2021-02-12T12:32:07.07,02-51-87,1911631,Business,20756,Direct Debit,"Scott, Blackburn, Coleman, Holden, Smith, Murphy, Jones-Harris GP",Income 1,02-31-87,28693416,United Kingdom,GBP,2735.21,3074.96
1911630000000.0,Friday,2021-02-12T14:21:24.24,02-51-87,1911631,Business,7423,CASH,"Wilkinson, Watson, Armstrong, Henry-Moran, Baker, Thompson and Bond Ltd",General,02-13-67,54193610,United Kingdom,GBP,-40.0,3034.96
1911630000000.0,Friday,2021-02-12T18:17:00,02-51-87,1911631,Business,272,Debit Card,"Wyatt, Jones-Cook, Anderson and Sons Ltd",Shopping,02-20-75,64382825,United Kingdom,GBP,-42.56,2992.4
1911630000000.0,Monday,2021-02-15T10:05:14.14,02-51-87,1911631,Business,36019,Mobile Payment,"White-Hale, Power-Adams, Baldwin ",Expenses,02-21-87,46359739,United Kingdom,GBP,-56.62,2935.78
1911630000000.0,Thursday,2021-02-18T13:45:50.5,02-51-87,1911631,Business,24067,Debit Card,"Cox, Harvey, Cooper LLC",Groceries,02-40-87,82280001,United Kingdom,GBP,-86.28,2849.5
1911630000000.0,Thursday,2021-02-18T15:37:00,02-51-87,1911631,Individual,478217,Electronic Funds Transfer,Dean Mann,Loan,02/11/1942,22355018,United Kingdom,GBP,-400.0,2449.5
1911630000000.0,Thursday,2021-02-18T17:19:41.41,02-51-87,1911631,Business,43326,Debit Card,"Hill, Thorpe, Hale, Rogers, Turnbull, Smith and Harris ",Family,02-23-69,82321766,United Kingdom,GBP,-27.03,2422.47
1911630000000.0,Thursday,2021-02-18T17:19:58.58,02-51-87,1911631,Business,19275,Debit Card,"Spencer-Wilson, Price-Atkinson, Brown LLC",Eating out,02-20-90,36458713,United Kingdom,GBP,-11.35,2411.12
1911630000000.0,Friday,2021-02-19T13:03:48.48,02-51-87,1911631,Business,31463,Direct Debit,"Brady-Roberts, Collier, Stokes, Kennedy, Evans LLC",Communication,02-50-87,73613873,United Kingdom,GBP,-11.75,2399.37
1911630000000.0,Monday,2021-02-22T10:28:51.51,02-51-87,1911631,Business,19275,Debit Card,"Spencer-Wilson, Price-Atkinson, Brown LLC",Eating out,02-20-90,36458713,United Kingdom,GBP,-11.82,2387.56
1911630000000.0,Monday,2021-02-22T13:51:19.19,02-51-87,1911631,Business,10357,Direct Debit,"Greenwood, Carpenter, Marsh-Hunt ",Entertainment,02-53-67,27730255,United Kingdom,GBP,-5.27,2382.29
1911630000000.0,Wednesday,2021-02-24T08:55:24.24,02-51-87,1911631,Business,27007,CASH,"Lowe, Thomas-Brown, Lynch, Daly and Akhtar LLC",General,02-30-43,29531660,United Kingdom,GBP,-50.0,2332.29
1911630000000.0,Wednesday,2021-02-24T18:34:16.16,02-51-87,1911631,Business,39894,Direct Debit,"Pearce-Russell, Watts, Wilson, Gibbs, Williams-Jones Ltd",Communication,02/10/1955,489960,United Kingdom,GBP,-8.54,2323.75
1911630000000.0,Thursday,2021-02-25T17:31:47.47,02-51-87,1911631,Business,28760,Direct Debit,"Jackson, Hill, Begum, Armstrong-Brown, Barnes-Sutton LLC",Entertainment,02/10/2026,34622755,United Kingdom,GBP,-3.93,2319.82
1911630000000.0,Friday,2021-02-26T08:58:16.16,02-51-87,1911631,Business,25549,Debit Card,"Taylor-McCarthy, Martin, Harding, Marsh, Sykes, Daly and Richardson LLC",Groceries,02-20-87,72548747,United Kingdom,GBP,-141.82,2178.0
1911630000000.0,Friday,2021-02-26T12:21:19.19,02-51-87,1911631,Business,27007,CASH,"Lowe, Thomas-Brown, Lynch, Daly and Akhtar LLC",General,02-30-43,29531660,United Kingdom,GBP,-40.0,2138.0
1911630000000.0,Friday,2021-02-26T12:54:26.26,02-51-87,1911631,Business,16784,Debit Card,"Williams, McDonald, Rose, Adams-Ferguson, Taylor ",Eating out,02/11/1975,45868613,United Kingdom,GBP,-20.66,2117.34
1911630000000.0,Friday,2021-02-26T17:17:48.48,02-51-87,1911631,Business,10357,Direct Debit,"Greenwood, Carpenter, Marsh-Hunt ",Entertainment,02-53-67,27730255,United Kingdom,GBP,-5.66,2111.69
1911630000000.0,Saturday,2021-02-27T15:07:55.55,02-51-87,1911631,Business,7423,CASH,"Wilkinson, Watson, Armstrong, Henry-Moran, Baker, Thompson and Bond Ltd",General,02-13-67,54193610,United Kingdom,GBP,-80.0,2031.69
